2610 4926
506 675 667 721 wcottca,
689 677 755 722 ECL.
774 679 794 721 l.

160 825 234 883 Non
249 821 363 883 insueta
376 839 484 900 graves
496 824 654 883 tentabunt
668 823 777 899 pabula
790 823 874 898 fetas,

160 917 192 976 N
194 933 229 975 ec
243 916 319 974 mala
332 914 425 974 vicini
440 915 556 991 pecoris
569 915 708 994 contagia
722 916 849 977 laedent.

162 1011 321 1070 Fornmate
336 1027 438 1080 senex,
454 1008 511 1080 hic,
527 1007 603 1067 inter
616 1008 739 1067 flumina
752 1021 825 1069 nota

163 1104 203 1161 Et
216 1102 311 1161 sontes
326 1119 438 1174 sacros,
454 1100 543 1176 frigus
557 1101 692 1177 captabis
707 1105 851 1177 opacum!

165 1194 245 1254 Hinc
258 1194 321 1266 tibi,
338 1212 416 1269 quae
431 1212 556 1270 semper,
571 1193 670 1253 vicino
685 1195 723 1253 ab
737 1194 838 1267 limite,
855 1212 961 1271 saepes
1033 1243 1037 1251 i

166 1287 308 1363 Hyblaeis
323 1286 429 1363 apibus
444 1285 548 1345 florem
563 1286 688 1363 depasta
702 1286 805 1359 salicti,

167 1379 251 1457 Saepi
264 1379 323 1439 levi
339 1397 476 1438 somnum
491 1379 628 1440 suadebit
637 1379 714 1455 ‚inire
728 1399 846 1439 susurro
858 1401 866 1452 ;

168 1473 245 1531 Hinc
258 1473 320 1531 alta
333 1473 389 1530 sub
404 1490 476 1547 mpe
489 1482 576 1531 canet
591 1471 743 1531 frondator
756 1473 793 1531 ad
810 1491 893 1531 auras
904 1494 913 1547 ;

167 1565 228 1625 Nec
241 1576 342 1625 tamen
356 1563 470 1624 interea
482 1583 596 1636 raucae,
612 1575 664 1624 tua
676 1583 755 1636 cura,
770 1567 933 1641 palumbes,

168 1658 228 1717 Nec
240 1676 358 1735 gemere
373 1657 452 1716 adria
465 1656 593 1718 cessabit
607 1669 700 1718 turtur
713 1659 751 1716 ab
763 1659 852 1716 ulmo.

590 1780 715 1818 rrimus.

168 1848 241 1905 Ante
255 1847 337 1904 leves
352 1863 423 1921 ergo
438 1855 595 1921 pascentur
608 1844 639 1905 in
653 1846 771 1915 aethere
786 1845 873 1920 cervi,
940 1919 945 1929 Ι

168 1939 202 1997 Et
214 1939 288 1998 freta
302 1937 462 1998 destituent
476 1939 573 1998 nudos
588 1937 618 1997 in
632 1938 717 1999 litore
732 1937 838 2015 pisces,

168 2033 250 2104 Ante,
264 2031 421 2108 pererratis
436 2032 589 2090 amborum
603 2030 720 2104 finibus,
737 2031 820 2090 exsul

168 2126 224 2183 Aut
236 2123 352 2183 Ararim
367 2123 492 2183 Parthus
506 2122 598 2196 bibet,
613 2135 664 2184 aut
679 2124 840 2184 Germania
854 2122 976 2202 Tigrim,

168 2217 260 2291 Quam
273 2227 377 2276 nostro
387 2215 464 2275 illius
478 2216 593 2276 labatur
605 2210 725 2293 pectore
740 2217 844 2277 vultus

567 2340 732 2377 MELIBOEUS.

169 2409 272 2466 Athos
286 2407 356 2466 hinc
371 2406 419 2466 alii
434 2405 566 2466 sitientes
580 2406 688 2467 ibimus
703 2407 800 2479 Afros,

169 2501 234 2559 Pars
248 2500 397 2577 Scythiam
412 2511 441 2558 et
455 2500 590 2575 rapidum
605 2501 712 2560 Cretae
727 2501 880 2560 veniemus
895 2501 1009 2574 Oaxen,

170 2595 204 2654 Et
217 2594 333 2671 penitus
348 2606 412 2652 toto
426 2593 537 2653 divisos
552 2595 623 2653 orbe
639 2594 803 2653 Britannos.

170 2687 211 2747 En
225 2706 363 2762 umquam
378 2686 488 2763 patrios
502 2688 592 2762 longo
606 2697 675 2764 post
690 2698 822 2762 tempore
838 2687 920 2759 fines,

169 2779 304 2856 Pauperis
317 2791 348 2838 et
363 2779 457 2855 tuguri
472 2790 645 2855 congestum
659 2780 789 2857 caespite
803 2781 930 2852 culmen,

169 2874 236 2931 Post
249 2872 371 2948 aliquot,
388 2892 453 2930 mea
467 2891 557 2949 regna
570 2872 683 2944 videns,
699 2873 827 2932 mirabor
840 2872 965 2931 aristas?

168 2966 278 3042 Impius
292 2967 367 3024 haec
381 2978 441 3026 tam
455 2967 535 3025 culta
548 2967 667 3026 novalia
680 2966 765 3025 miles
779 2965 922 3024 habebit?

170 3059 308 3118 Barbarus
322 3059 376 3117 has
391 3062 525 3136 segetes?
567 3061 622 3132 En,
638 3078 698 3136 quo
714 3058 862 3117 discordia
876 3059 956 3117 cives

170 3152 306 3211 Produxit
321 3153 460 3210 miseros!
482 3172 529 3224 err,
545 3153 610 3228 quis
625 3151 812 3211 consevimus
827 3155 930 3226 agros!

170 3246 266 3304 Insere
281 3264 369 3316 nunc,
387 3246 546 3317 Meliboee,
562 3247 650 3322 piros,
667 3263 746 3321 pone
761 3245 865 3303 ordine
880 3243 962 3303 vites.

171 3339 213 3397 Ite
227 3358 318 3410 meae,
334 3338 403 3398 selix
418 3339 568 3414 quondam
583 3358 683 3415 pecuS,
700 3337 739 3397 ite
754 3338 895 3413 capellae.

171 3433 236 3490 Non
251 3450 306 3509 ego
320 3451 375 3490 vos
390 3432 522 3507 posthac,
537 3431 621 3491 viridi
637 3433 785 3509 projectus
801 3431 829 3488 in
845 3440 939 3504 antro,

170 3525 300 3584 Dumosa
313 3525 444 3602 pendere
459 3526 560 3602 procul
576 3527 613 3584 de
628 3544 699 3600 rupe
714 3525 843 3597 videbo;

171 3617 305 3676 Carmina
319 3618 399 3675 nulla
413 3637 537 3691 canam3
558 3636 628 3689 non,
644 3637 691 3676 me
706 3629 855 3692 pascente,
872 3615 1013 3692 capellae,

172 3710 334 3770 Florentem
349 3710 474 3787 cytisum
488 3723 518 3771 et
533 3711 637 3770 salices
652 3709 778 3785 carpetis
793 3727 913 3768 amaras.

591 3833 717 3870 TITYRUS.

172 3898 229 3957 Hic
243 3911 341 3958 tamen
358 3900 434 3958 hanc
449 3918 565 3958 mecum
580 3909 699 3974 poteras
713 3896 897 3972 requiescere
911 3907 1032 3958 noctem

171 3992 284 4052 Fronde
299 4011 389 4068 super
403 3991 506 4050 viridi:
526 4003 595 4050 sunt
611 3989 697 4049 nobis
711 3989 793 4047 mitia
807 4007 905 4065 poma,

170 4086 333 4145 Castaneae
348 4084 462 4157 molles,
477 4095 507 4146 et
521 4083 613 4160 pressi
628 4083 716 4160 copia
729 4081 834 4156 lactis,
