2610 4926
255 736 291 794 18
589 751 614 793 r.
637 751 738 795 ovrnrr
760 752 896 798 ursonis

253 893 430 955 Exanimata
443 906 555 956 natant
599 898 704 973 Ipsum
720 917 840 975 quoque
856 902 955 959 Nerea
968 901 1047 960 sama
1060 913 1105 961 est

253 988 426 1064 Doridaque
441 1000 471 1048 et
485 999 571 1048 natas
585 990 694 1066 tepidis
709 991 831 1051 latuisse
846 994 901 1052 sub
916 994 1014 1053 antris

251 1081 312 1139 Ter
326 1083 486 1158 Neptunus
500 1082 586 1158 aquis
601 1101 670 1141 cum
685 1094 769 1143 torvo
783 1085 905 1145 brachia
918 1088 1001 1146 vultu
1191 1117 1228 1152 ηο

252 1173 394 1233 Exserere
408 1193 498 1234 ausus
513 1186 584 1247 erat,
600 1184 646 1234 ter
658 1195 720 1236 non
735 1177 802 1236 tulit
816 1178 893 1238 aeris
908 1179 998 1256 ignes

252 1268 342 1326 Alma
356 1277 456 1326 tamen
471 1268 582 1340 Tellus,
599 1279 631 1326 ut
645 1281 708 1329 erat
722 1270 905 1331 circumdata
918 1284 1021 1349 ponto,

252 1361 336 1420 Inter
350 1380 443 1437 aquas
458 1360 556 1438 pelagi
570 1373 799 1440 contractosque
814 1365 947 1441 undique
961 1367 1068 1439 sontes,

252 1454 312 1528 Qui
327 1473 359 1513 se
373 1454 570 1514 condiderant
585 1453 614 1513 in
631 1474 743 1532 opacae
757 1458 872 1517 viscera
885 1459 996 1532 matris,

251 1547 374 1606 Sustulit
388 1547 550 1606 omniseros
564 1549 644 1608 collo
660 1559 746 1609 tenus
760 1551 842 1611 arida
856 1553 961 1624 vultus,
1194 1581 1231 1618 ης

252 1639 463 1717 Opposuitque
478 1660 599 1700 manum
615 1643 713 1716 fronti,
730 1662 898 1720 magnoque
913 1657 1039 1705 tremore

251 1734 363 1793 Omnia
376 1733 550 1793 concutiens
565 1737 698 1811 paullum
714 1736 847 1797 subsedit
861 1748 892 1797 et
906 1739 990 1811 infra,

251 1827 350 1901 Quam
366 1827 443 1886 solet
457 1847 534 1900 esse,
551 1828 613 1901 suit,
630 1830 826 1906 siccaque-ita
839 1849 914 1890 voce
928 1833 1029 1891 locuta
1041 1842 1086 1890 est
1098 1853 1105 1890 ι

250 1919 280 1978 Si
295 1920 393 1996 placet
407 1920 466 1980 hoc
481 1921 643 1998 meruique,
660 1923 766 1999 quido
780 1935 831 1983 tua
845 1924 969 1983 fulmina
982 1935 1109 1997 cessant,

250 2013 371 2072 Summe
386 2014 497 2075 deum?
539 2015 643 2076 Liceat
657 2016 803 2093 periturae
818 2016 928 2076 viribus
943 2017 1020 2093 ignis
1194 2034 1232 2073 ,ιο

250 2108 325 2183 Igne
340 2108 435 2184 perire
450 2119 510 2181 tuo,
526 2109 704 2185 clademque
719 2120 839 2168 auctore
854 2111 958 2168 levare.

249 2200 308 2258 Vix
323 2201 463 2277 equidem
480 2201 580 2261 lauces
594 2201 669 2261 haec
684 2201 749 2278 ipsa
762 2201 794 2259 in
807 2202 899 2260 verba
912 2202 1028 2261 resolvo
1040 2224 1098 2261 :—

250 2294 400 2354 Presserat
416 2314 469 2354 ora
482 2314 577 2371 vapor
588 2317 595 2354 :
605 2329 646 2337 —
656 2304 751 2353 tostos
765 2313 803 2353 en
817 2294 938 2370 adspice
952 2294 1059 2369 crines,

251 2389 349 2464 Inque
364 2387 459 2447 oculis
474 2398 598 2460 tantum,
614 2398 730 2446 tantum
745 2405 835 2463 super
849 2405 901 2445 ora
915 2387 1040 2448 favillae.
1164 2453 1167 2457 ,

251 2482 360 2542 Hosne
374 2481 448 2539 mihi
463 2482 582 2553 fructus,
598 2480 677 2539 hunc
692 2479 848 2539 fertilitatis
862 2480 1008 2540 honorem
1194 2500 1230 2549 ,ες

250 2573 410 2650 Officiique
426 2575 524 2646 resers,
541 2573 622 2649 quod
638 2573 746 2632 adunci
760 2573 882 2632 vulnera
896 2575 985 2633 aratri

250 2669 487 2743 Rastrorumque
501 2667 572 2740 fero,
589 2676 712 2742 totoque
727 2685 867 2726 exerceor
881 2686 970 2740 anno,

250 2761 342 2836 Quod
356 2761 458 2837 pecori
473 2760 604 2832 frondes,
621 2760 823 2835 alimentaque
837 2760 928 2830 mitia,
945 2762 1052 2838 fruges,

251 2855 397 2912 Humano
410 2852 519 2930 generi,
535 2854 622 2912 vobis
637 2872 757 2929 quoque
772 2865 836 2912 tura
850 2854 1006 2914 ministro?

249 2946 308 3006 Sed
324 2958 424 3006 tamen
440 2945 562 3005 exitium
577 2947 625 3005 sac
639 2964 687 3005 me
701 2945 861 3028 meruisse:
880 2947 953 3023 quid
967 2934 1076 3021 uridae,
1194 2977 1232 3016 2⁹0
1295 2994 1303 3007 .

250 3040 331 3116 Quid
347 3039 453 3099 meruit
467 3039 574 3098 frater?
615 3039 677 3099 Cur
691 3038 731 3097 illi
747 3039 854 3098 tradita
868 3051 947 3099 sorte

250 3136 393 3209 Aequora
407 3132 582 3192 decrescunt
596 3143 626 3191 et
640 3134 679 3190 ab
694 3132 812 3192 aethere
826 3131 944 3210 longius
959 3133 1090 3194 absunt?

249 3225 341 3301 Quod
357 3224 381 3283 si
396 3244 453 3284 nec
467 3224 562 3284 fratris
576 3244 633 3284 nec
648 3235 677 3284 te
691 3244 758 3284 mea
772 3225 865 3302 gratia
880 3224 982 3302 tangit,

250 3320 292 3378 At
306 3317 382 3377 coeli
397 3317 534 3378 miserere
550 3317 600 3378 tui.
645 3318 848 3394 Circumspice
863 3330 1041 3395 utrumque:

250 3412 357 3470 Fumat
371 3422 494 3487 uterque
510 3412 615 3488 polus;
633 3430 708 3487 quos
723 3411 747 3470 si
762 3411 907 3471 vitiaverit
923 3411 1007 3488 ignis,
1193 3443 1230 3482 os

250 3502 335 3563 Atria
349 3514 446 3563 vestra
459 3515 553 3563 ruent
598 3506 685 3563 Atlas
701 3523 737 3563 en
754 3503 817 3580 ipse
832 3505 956 3576 laborat,

248 3596 369 3672 Vixque
384 3595 444 3655 suis
459 3596 589 3656 humeris
603 3597 782 3656 candentem
797 3596 922 3655 sustinet
937 3614 1032 3656 axem

249 3688 279 3749 Si
294 3690 376 3763 freta,
392 3688 417 3748 si
432 3701 525 3749 terrae
539 3701 672 3766 pereunt,
685 3689 710 3749 si
725 3688 804 3764 regia
818 3688 904 3761 coeli,

251 3783 287 3842 In
303 3782 394 3842 chaos
409 3782 565 3859 antiquum
580 3780 797 3841 confundimur.
842 3781 931 3857 Eripe
946 3781 1083 3856 flammis,

249 3875 280 3935 Si
296 3876 368 3951 quid
382 3876 480 3935 adhuc
494 3886 635 3952 superest,
652 3884 682 3933 et
696 3892 792 3932 rernm
805 3875 928 3933 consule
944 3894 1087 3936 summae.
1191 3908 1231 3946 ,ω

251 3966 374 4028 Dixerat
389 3969 463 4028 haec
477 3969 598 4039 Tellus;
619 3985 717 4042 neque
732 3966 811 4025 enim
828 3968 952 4027 tolerare
966 3987 1108 4046 vaporem

252 4062 383 4121 Ulterius
399 4060 494 4138 potuit
508 4079 565 4118 nec
579 4059 677 4118 dicere
691 4059 795 4135 plura;
816 4078 962 4136 suumque

251 4154 366 4215 Retulit
380 4172 415 4213 os
429 4153 459 4211 in
474 4170 506 4212 se
520 4151 717 4229 propioraque
732 4151 869 4213 manibus
884 4164 975 4214 antra
