2610 4926
505 675 664 721 antemos
684 676 744 720 un.
766 675 799 720 11.

155 803 335 900 Aodngnnt
346 838 454 882 omnes
467 819 560 898 operi,
575 819 762 898 pedibusque
776 829 906 881 mtamm
1009 830 1013 835 ’
1104 842 1141 883 ns

159 893 332 992 Sublicium
344 913 457 992 lapsus,
472 925 503 974 et
517 924 645 990 stuppea
657 914 776 973 vincula
789 914 868 973 collo

170 987 337 1066 lulendunt.
377 1007 503 1067 Scandit
516 1007 614 1066 fatalis
628 1005 765 1065 machina
778 1024 887 1079 muros,

175 1082 254 1157 Fen
263 1100 349 1161 muris
392 1098 481 1160 Pueri
495 1100 607 1160 circum
621 1098 822 1176 innuptaeque
835 1097 953 1176 puellae

184 1181 266 1250 Sam
275 1203 385 1267 ornunt,
400 1193 563 1269 funemque
576 1211 667 1251 manu
681 1192 854 1270 contingere
867 1191 1008 1270 gaudent

191 1275 243 1341 Illa
252 1285 326 1360 subit,
339 1286 517 1367 mediaeque
531 1285 650 1345 minans
664 1284 793 1344 illabitur
807 1284 878 1344 urbi

197 1372 312 1452 Opatn'a,
326 1398 346 1438 ο
358 1379 461 1438 diuum
475 1378 583 1438 domus
598 1378 696 1449 Ilium,
712 1389 742 1437 et
755 1377 867 1436 incluta
880 1377 960 1436 bello

199 1462 294 1529 mem
306 1471 525 1531 Dardanidum!
546 1481 650 1547 quater
665 1470 729 1546 ipso
743 1469 774 1527 in
787 1469 889 1528 limine
903 1478 1006 1546 portae

203 1557 314 1637 Substitit,
327 1574 417 1641 atque
431 1574 517 1623 utero
529 1562 659 1623 sonitum
674 1573 779 1638 quater
792 1580 873 1621 arma
887 1562 999 1622 dedere
1010 1583 1021 1638 3

201 1649 318 1716 Insanus
331 1666 430 1716 tamen
445 1656 634 1716 immemores
648 1655 789 1730 caecique
804 1654 910 1727 surore,

203 1741 383 1808 Etnonstrum
397 1748 500 1808 infelix
513 1759 629 1808 sacrata
642 1747 773 1807 sistimus
787 1765 863 1805 arce.

201 1832 354 1900 luceriam
366 1841 436 1901 fatis
450 1841 543 1918 aperit
557 1842 726 1902 Cassandra
740 1839 844 1898 suturis

201 1925 248 2001 οη,
259 1931 301 1992 dei
317 1934 401 2012 jussu
416 1952 478 1993 non
492 1952 633 2009 umquam
647 1933 759 1992 credita
773 1929 905 1990 Teucris.
952 1995 954 1999 ¹
999 1929 1002 1936 '

201 2019 244 2084 Nos
255 2027 369 2088 delubra
381 2029 471 2088 deum
487 2027 593 2101 miseri,
609 2028 718 2104 quibus
732 2027 851 2085 ultimus
866 2033 947 2085 esset

201 2112 237 2176 lile
247 2119 308 2195 dies,
323 2122 398 2180 festa
411 2120 544 2181 velamus
557 2120 663 2202 fronde
676 2138 730 2197 per
744 2119 854 2178 urbem.

224 2209 337 2272 Vertitur
349 2213 463 2273 interea
476 2214 593 2273 coelum
606 2221 638 2272 et
651 2213 709 2289 mit
722 2231 836 2272 oceano
852 2213 929 2285 Nox,

200 2297 326 2365 Involvens
339 2306 446 2366 umbra
459 2324 566 2382 magna
580 2316 746 2381 terramque
761 2305 923 2381 polumque

199 2389 449 2475 Myrmidonumque
464 2400 570 2473 dolos;
591 2399 647 2457 susi
661 2417 714 2475 per
728 2398 846 2457 moenia
859 2397 968 2457 Teucri
1081 2464 1084 2470 ἢ

199 2483 362 2566 Conticuere3
382 2510 473 2569 sopor
488 2491 581 2550 fessos
595 2491 802 2567 complectitur
815 2501 903 2550 artus.

198 2575 285 2659 Etjarn
299 2585 411 2663 Argiva
424 2585 552 2661 phalanx
566 2584 716 2643 instructis
732 2583 855 2643 navibus
870 2584 932 2643 ibat

198 2671 342 2751 lTenedo,
357 2678 466 2738 tacitae
480 2696 534 2754 per
546 2677 643 2736 amica
656 2676 773 2736 silentia
785 2677 875 2735 lunae

197 2761 269 2829 litora
281 2781 352 2831 nota
365 2780 479 2846 petens,
495 2769 628 2829 flammas
641 2788 732 2845 quum
747 2770 828 2847 regia
841 2769 948 2847 puppis

197 2854 327 2938 Extulerat,
342 2863 471 2938 fatisque
485 2862 575 2921 deum
589 2862 730 2921 defensus
744 2862 853 2937 iniquis

196 2949 304 3016 inclusos
317 2968 403 3016 utero
419 2957 541 3015 Danaos
555 2967 586 3014 et
599 2954 688 3031 pinea
701 2954 799 3014 surtim

196 3041 264 3108 lant
275 3051 404 3109 claustra
419 3049 521 3108 Sinon.
564 3049 638 3107 Illos
652 3048 816 3124 patefactus
831 3047 870 3106 ad
883 3065 968 3107 auras

196 3134 282 3201 Reddit
294 3161 397 3219 equus,
413 3140 541 3217 laetique
555 3159 629 3200 cavo
643 3159 676 3200 se
691 3142 797 3200 robore
812 3148 952 3216 promunt
1105 3154 1143 3196 rso

195 3226 377 3294 Thessandrus
390 3234 608 3309 Sthenelusque
623 3233 716 3292 duces
730 3245 760 3292 et
774 3234 855 3292 dirus
871 3232 985 3305 Ulixes,

196 3319 340 3387 Deuissurn
355 3325 431 3404 lapsi
446 3345 499 3403 per
513 3326 623 3399 sunem,
639 3328 836 3402 Acamasque,
852 3327 1022 3402 Thoasque,

196 3412 347 3497 Pelidesque
362 3419 589 3496 Neoptolemus,
605 3419 775 3495 primusque
792 3420 951 3491 Machaon,

197 3504 388 3586 Etllenelaus,
403 3523 434 3572 et
448 3512 512 3588 ipse
526 3511 587 3571 doli
602 3511 759 3570 fabricator
774 3513 883 3588 Epeus.

196 3598 320 3665 Invadunt
332 3605 437 3664 urbem
452 3622 559 3664 somno
573 3602 701 3679 vinoque
716 3605 881 3679 sepultam;
1107 3616 1145 3666 ras

196 3690 341 3758 Caeduntur
354 3697 468 3775 vigiles,
484 3697 634 3773 portisque
649 3696 818 3773 patentibus
833 3714 937 3755 omnes

196 3785 329 3866 decipiunt
343 3791 442 3850 socios
456 3800 545 3865 atque
559 3789 677 3865 agmina
691 3788 810 3848 conscia
828 3789 963 3868 jungunt

224 3880 342 3961 Tempus
356 3893 427 3955 erat,
443 3901 503 3958 quo
517 3880 612 3958 prima
625 3882 710 3957 quies
725 3882 898 3942 mortalibus
912 3881 1008 3960 aegris

194 3968 283 4051 Incipit
295 3989 325 4035 et
337 3977 420 4036 dono
433 3975 535 4034 divum
548 3974 713 4052 gratissima
726 3976 824 4051 serpit.

194 4061 223 4121 Iu
234 4068 345 4144 somnis,
360 4086 440 4143 eoce,
454 4078 524 4128 ante
538 4067 641 4128 oculos
655 4068 871 4128 maestissimus
887 4069 1003 4128 Hector
1108 4086 1145 4126 m
