2610 4926
473 727 659 772 GEORGICON
680 729 740 773 mu.
759 730 791 774 ll.

183 875 302 954 lgnoola
314 873 433 935 incurvo
447 883 556 934 terram
569 874 691 935 molitus
705 884 811 950 aratro,

182 967 258 1028 txesa
269 968 390 1029 inveniet
403 967 512 1028 scabra
524 966 658 1044 robigine
672 968 741 1044 pila,

182 1061 228 1121 Aut
237 1061 360 1139 gravibus
374 1059 479 1120 rastris
492 1060 592 1137 galeas
606 1060 736 1138 pulsabit
748 1059 862 1135 inanes,

181 1152 338 1232 Grandmue
352 1152 473 1215 effossis
486 1152 639 1212 mirabitur
651 1171 722 1213 ossa
734 1152 906 1231 sepulchris

181 1245 210 1304 lli
220 1248 299 1324 patrii,
313 1247 477 1325 Indigetes,
492 1256 522 1305 et
537 1246 666 1306 Romule
680 1247 950 1324 Vestaque'mater,
1001 1261 1004 1265 ·

181 1338 245 1413 Quae
256 1342 382 1402 Tuscum
395 1337 530 1400 Tiberim
544 1348 574 1398 et
589 1340 731 1399 Romana
742 1338 856 1398 Palatia
870 1357 977 1413 servas,

181 1430 249 1493 Hunc
261 1436 361 1494 saltem
374 1452 480 1494 everso
491 1434 631 1509 juvenem
647 1450 813 1491 succurrere
828 1432 929 1491 saeclo
1088 1460 1126 1498 ,ω

180 1524 213 1584 lle
222 1527 385 1604 prohibete!
426 1527 505 1587 Satis
517 1527 579 1602 jam
594 1524 709 1603 pridem
723 1523 865 1601 sangnine
879 1534 983 1584 nostro

177 1616 392 1680 laomedonteae
405 1619 514 1679 luimus
528 1617 655 1696 perjuria
668 1619 797 1693 Trojae;

174 1709 224 1784 Jan
236 1711 345 1790 pridem
359 1711 451 1772 nobis
463 1711 540 1772 coeli
555 1721 584 1771 te
597 1709 686 1790 regia,
703 1711 822 1782 Caesar,

173 1802 279 1878 Invidet,
292 1817 385 1883 atque
398 1792 553 1864 hominurn
566 1803 697 1880 queritur
710 1822 810 1863 curare
824 1801 1008 1879 triumphos;

172 1895 271 1975 Quippe
281 1898 333 1958 ubi
346 1899 392 1957 fas
400 1916 517 1958 versum
531 1908 620 1974 atque
631 1898 733 1957 nefas:
752 1906 797 1956 tot
808 1895 887 1954 bella
897 1913 950 1972 per
960 1895 1072 1970 orbem,
1088 1925 1125 1965 φ,

170 1987 229 2048 Tam
243 1992 352 2051 multae
364 1992 512 2052 scelerum
526 1989 636 2064 facies3
657 2009 718 2050 non
731 1990 809 2048 ullus
823 1997 919 2051 aratro

169 2081 269 2159 Dignus
281 2075 398 2156 borios3
420 2084 556 2160 squalent
570 2083 706 2143 abductis
720 2100 790 2141 arva
803 2079 928 2156 colonis,

168 2175 200 2234 u
209 2195 309 2237 erutae
322 2176 451 2255 rigidum
466 2177 556 2236 falces
570 2176 736 2236 conflantur
749 2175 779 2233 in
794 2193 905 2234 ensem.

167 2267 237 2328 Hinc
250 2281 348 2331 movet
363 2270 539 2347 Euphrates,
554 2244 635 2329 illirlc
649 2267 810 2329 Germania
823 2268 954 2342 bellum;

166 2361 275 2422 Viciuae
288 2364 381 2440 ruptis
396 2363 474 2422 inter
487 2382 519 2422 se
533 2363 646 2440 legibus
660 2363 749 2422 urbes
1088 2388 1124 2427 ,ιο

165 2456 245 2515 Arma
256 2457 369 2530 serunt3
390 2455 485 2516 saevit
499 2466 563 2516 toto
578 2458 660 2515 Mars
675 2455 781 2532 impius
795 2455 888 2528 orbe3

166 2547 203 2606 Ut
215 2567 299 2624 quum
313 2548 483 2609 carceribus
497 2567 562 2609 sese
576 2548 705 2609 effudere
721 2548 889 2625 quadrigae,

163 2641 276 2703 Addunt
287 2643 316 2702 in
331 2644 440 2720 spatia,
455 2653 485 2702 et
498 2644 603 2702 frustra
615 2642 779 2701 retinacula
792 2641 919 2701 tendens

165 2733 256 2795 Fertur
268 2738 352 2814 equis
366 2736 477 2813 auriga,
492 2753 589 2812 neque
603 2734 686 2795 audit
700 2752 800 2795 currus
814 2734 957 2793 habenas.

522 3098 670 3158 LIBER
699 3099 753 3157 11.

162 3295 327 3358 firmanus
341 3314 477 3357 arvorum
492 3297 587 3357 cultus
602 3307 632 3357 et
646 3295 744 3356 sidera
757 3293 844 3369 coeli,

160 3389 242 3448 Nunc
255 3401 295 3463 te,
308 3391 436 3463 Bacche,
452 3387 565 3463 canam,
581 3409 637 3449 nec
651 3408 713 3448 non
728 3386 876 3449 silvestria
889 3395 988 3448 tecum

160 3480 286 3559 Virgulta
299 3495 330 3543 et
342 3484 460 3561 prolem
474 3484 556 3543 tarde
570 3482 730 3542 crescentis
745 3483 849 3542 olivae.

160 3575 234 3650 Huc,
248 3590 364 3653 patero
378 3577 517 3648 Lenaee;
538 3575 595 3634 tuis
609 3576 658 3635 hic
673 3575 774 3634 omnia
788 3576 878 3652 plena

160 3668 337 3742 Muneribus,
356 3668 411 3728 tibi
426 3669 585 3745 pampineo
598 3668 737 3746 gravidus
752 3680 896 3727 autumno

160 3760 253 3820 Floret
266 3781 343 3839 ager,
360 3773 479 3840 spumat
493 3760 588 3838 plenis
602 3759 753 3820 vindemia
766 3760 855 3819 labris
866 3780 875 3834 ς

160 3853 233 3926 Huc,
249 3866 366 3932 patero
381 3857 508 3928 Lenaee,
524 3853 601 3928 veni,
617 3855 787 3929 nudataque
802 3862 901 3912 musto

159 3946 267 4024 Tingue
282 3967 362 4008 novo
376 3967 494 4007 mecum
509 3947 638 4025 dereptis
653 3965 736 4006 crura
744 3943 909 4005 cothurnis

194 4040 343 4119 Principio
357 4039 511 4100 arboribus
524 4039 605 4100 varia
619 4052 664 4100 est
678 4050 782 4099 natura
795 4035 938 4098 creandis.

159 4133 293 4210 Namque
306 4133 391 4207 aliae,
406 4131 496 4193 nullis
510 4132 668 4194 hominum
679 4131 862 4210 cogentibus,
877 4130 961 4209 ipsae

352 4238 366 4276 r
