2610 4926
455 674 640 734 wooucn'
660 685 727 731 ner.
748 685 802 730 vrn
1081 686 1120 746 ῃ

173 833 270 911 Semper
279 833 374 894 honos
388 851 561 909 nomenque
575 841 658 892 tuum
672 831 836 908 laudesque
849 832 1023 892 manebunt

172 925 206 984 Ut
217 928 318 987 beocbo
331 925 505 1002 Cererique,
519 923 575 985 tibi
588 925 633 984 sic
646 935 717 984 vota
731 934 804 1001 quot
817 924 905 984 annis

172 1017 299 1097 Agricolae
311 1019 444 1093 lacient3
463 1016 620 1078 damnabis
635 1027 667 1077 tu
681 1015 899 1094 quoquevotis
1093 1031 1119 1073 eo

572 1137 685 1176 morene

171 1201 238 1277 Quae
248 1206 303 1279 nbi,
318 1225 397 1284 quae
411 1205 464 1266 tali
477 1203 600 1264 reddam
614 1222 669 1281 pro
682 1204 813 1264 camnine
827 1206 929 1266 dona?

172 1296 231 1356 llam
242 1318 331 1376 neque
344 1317 395 1359 me
409 1309 525 1359 rantum
538 1296 686 1356 venientis
700 1296 805 1357 sibilus
819 1297 919 1372 austri,

171 1389 221 1450 Neo
231 1410 363 1468 permissa
381 1393 486 1471 juvant
499 1390 590 1449 fluctu
605 1401 666 1448 tam
680 1389 775 1463 litora,
791 1409 847 1450 nec
861 1409 938 1468 quae

172 1481 668 1545 Samamoerdecmmntflumina
680 1481 781 1541 valles,
983 1538 991 1553 ,

552 1603 706 1642 mames
858 1576 862 1582 ’

170 1666 436 1749 Hactenosfraghi
449 1669 628 1730 donabimus
641 1679 711 1729 ante
725 1668 830 1728 cicuta.
1094 1685 1120 1736 ε,

169 1761 237 1822 Haec
247 1782 307 1837 nos,
323 1766 500 1824 Formosum
515 1763 655 1842 Corydon
669 1762 793 1822 ardebat
808 1759 936 1833 Alexim,

168 1852 236 1916 Haec
246 1857 349 1918 eedem
362 1856 474 1930 docuit,
489 1857 597 1934 Cujum
611 1858 724 1934 pecus?
744 1874 783 1914 an
798 1852 966 1913 Meliboei?

570 1977 683 2015 uorsus

167 2040 198 2098 At
208 2050 234 2100 tu
246 2061 325 2102 sume
338 2042 460 2120 pedum,
476 2041 565 2118 quod,
579 2061 629 2102 me
642 2060 734 2119 quum
749 2057 839 2117 saepe
853 2047 980 2116 rogaret,

167 2131 222 2192 Non
233 2136 293 2195 tulit
307 2135 475 2211 Antigenes
483 2144 563 2194 —et
576 2145 640 2195 erat
653 2145 716 2194 tum
730 2134 839 2212 dignus
853 2131 945 2191 amari
953 2164 996 2176 -

167 2223 316 2289 Formosum
329 2227 452 2307 paribus
465 2227 553 2288 nodis
567 2239 657 2306 atque
671 2244 748 2303 aere,
764 2225 913 2286 Menalca
1093 2247 1120 2288 se

474 2595 670 2657 ECLOGA
697 2595 786 2654 VII.

523 2778 743 2830 MELIBOEUS.

343 2933 530 2977 rreueonos.
573 2933 729 2976 conrnorr.
772 2930 913 2974 rrrrrresrs.
1013 2904 1021 2920 ’

549 3068 714 3106 malsonus·

161 3149 253 3211 rom
266 3153 320 3213 sub
335 3163 440 3231 arguta
452 3153 630 3212 consederat
643 3152 710 3211 ilice
726 3149 872 3227 Daphnis,

160 3244 417 3324 Compulerantque
430 3266 534 3325 greges
548 3246 690 3323 Corydon
704 3255 735 3305 et
748 3243 871 3322 Thyrsis
887 3241 917 3300 in
931 3259 1032 3316 unum,

159 3336 268 3415 'Ibyrsis
280 3359 360 3413 oves,
377 3339 520 3416 Corydon
534 3339 681 3398 distentas
695 3338 772 3396 lacte
786 3336 926 3413 capellas,

159 3431 247 3490 Ambo
261 3433 401 3492 florentes
415 3432 571 3504 aetatibus,
587 3430 722 3490 Arcades
736 3430 834 3502 ambo,

159 3521 193 3581 Et
205 3536 316 3584 cantare
330 3543 428 3602 pares,
445 3535 475 3583 et
489 3524 671 3600 respondere
685 3523 787 3599 parati.

159 3614 221 3674 Huc
234 3617 310 3689 mihi,
326 3617 530 3676 dumteneras
544 3615 676 3675 defendo
690 3635 709 3674 a
722 3615 828 3692 frigore
843 3622 962 3691 myrtos,

158 3706 206 3764 Vir
216 3710 309 3787 gregis
323 3711 389 3785 ipse
403 3727 492 3784 caper
506 3708 714 3781 deerraverat3
734 3716 824 3782 atque
839 3724 895 3784 ego
911 3703 1064 3780 Daphnim

158 3799 299 3877 Adspicio.
343 3802 401 3860 Ille
416 3801 467 3860 ubi
482 3820 530 3863 rne
543 3811 649 3860 contra
661 3800 761 3859 videt:
783 3798 883 3871 Ocius,
900 3797 1004 3873 inquit,

158 3892 220 3951 Huc
234 3895 313 3965 ades,
329 3913 349 3953 o
364 3893 517 3952 Meliboee
530 3898 536 3953 l
557 3912 648 3971 caper
662 3893 715 3951 tibi
731 3892 829 3950 salvus
844 3901 874 3950 et
888 3889 997 3964 haedi;

158 3983 198 4055 Et,
212 3986 235 4045 si
249 3986 321 4062 quid
335 4005 454 4045 cessare
470 3997 564 4062 potes,
581 3985 732 4062 requiesce
747 3984 802 4043 sub
817 3984 929 4042 umbra

159 4077 221 4139 Huc
235 4078 289 4158 ipsi
303 4089 410 4157 potum
424 4078 546 4138 venient
558 4096 612 4156 per
626 4087 711 4154 prata
728 4075 867 4153 juvenci;
