2610 4926
491 657 672 702 GEORGICON
695 659 754 702 LlB.
778 660 797 702 l.

198 800 359 880 Concipiunt:
376 802 448 863 binc
462 801 513 863 ille
528 803 626 863 avium
640 815 805 864 concentus
819 803 849 863 in
864 804 951 884 agris,

196 893 228 952 Et
238 894 313 956 laetae
323 897 460 974 pecudes,
477 907 507 956 et
521 907 645 957 ovantes
657 908 776 976 gutture
791 898 879 957 corvi
978 941 985 953 .

227 987 251 1047 Si
262 1007 318 1049 vero
330 991 422 1050 solem
437 990 478 1050 ad
491 989 627 1068 rapidum
642 991 787 1068 lunasque
802 1001 962 1068 sequentes

195 1077 282 1141 Ordine
293 1077 434 1161 respicies,
451 1102 615 1160 numquam
629 1094 659 1142 te
673 1082 801 1143 crastina
815 1084 899 1144 fallet

195 1172 265 1247 lion,
277 1195 364 1253 neque
379 1175 498 1236 insidiis
513 1175 610 1235 noctis
623 1177 742 1253 capiere
758 1195 887 1237 serenae.
993 1207 994 1211 ,

193 1266 262 1342 Inna,
274 1281 448 1331 revertentes
462 1289 554 1347 quum
568 1270 695 1346 primum
710 1270 823 1349 colligit
835 1270 928 1348 ignes,

192 1361 215 1420 Si
225 1363 320 1441 uigmm
333 1365 462 1424 obscuro
477 1362 696 1440 comprenderit
709 1366 780 1423 adra
792 1382 894 1437 cornu,

164 1449 169 1458 ’
190 1453 308 1517 Marinus
320 1455 459 1536 agricolis
474 1457 641 1534 pelagoque
655 1455 807 1533 parabitur
821 1456 917 1516 imber
926 1452 947 1530 ;‘

186 1547 246 1607 Atsi
257 1550 414 1629 virgineum
429 1548 584 1609 suffuderit
597 1567 648 1608 ore
663 1549 810 1621 ruborem,
956 1531 965 1550 ⁸

185 1639 276 1702 lentus
288 1643 342 1702 erit
352 1665 362 1718 ;
382 1654 474 1702 vento
487 1660 606 1718 semper
619 1642 705 1701 rubet
718 1660 808 1701 aurea
822 1641 952 1700 Phoebe

181 1731 220 1792 Sin
231 1747 289 1795 ortu
302 1747 417 1812 quarto,
434 1754 563 1811 namque
577 1734 602 1794 is
617 1735 799 1796 certissimus
814 1743 925 1806 auctor,

179 1827 241 1887 Ptrm
252 1847 345 1906 neque
359 1827 497 1887 obtunsis
510 1846 564 1904 per
577 1829 693 1888 coelum
708 1829 848 1887 cornibus
862 1827 926 1899 ibit,

177 1919 254 1981 Tonrs
267 1932 296 1981 et
309 1922 360 1982 ille
374 1921 450 1994 dies,
465 1932 495 1980 et
510 1921 560 1998 qui
575 1931 733 1981 nascentur
746 1920 785 1980 ab
800 1920 851 1978 illo

176 2014 302 2074 Eractum
316 2014 354 2075 arl
368 2033 512 2087 mensem,
527 2014 627 2091 pluvia
640 2013 798 2090 ventisque
814 2012 966 2086 oarebunt,

174 2107 294 2184 Votaque
309 2107 418 2167 servati
431 2106 548 2166 solvent
561 2106 591 2165 in
607 2105 692 2167 litore
707 2116 815 2165 nautae

172 2201 273 2261 Glauco
286 2211 318 2261 et
332 2203 490 2276 Panopeae
505 2209 535 2258 et
549 2201 627 2259 Inoo
642 2199 824 2259 Melicertae.

171 2294 214 2353 Sol
226 2311 341 2370 quoque
355 2303 386 2353 et
400 2291 543 2365 exoriens,
559 2304 589 2352 et
603 2311 694 2368 quum
709 2311 740 2352 se
755 2291 867 2352 condet
880 2291 911 2350 in
926 2289 1031 2365 undas,

171 2387 253 2466 Signa
265 2387 366 2460 dabit,
386 2385 481 2446 solem
496 2385 659 2445 certissima
674 2385 760 2463 signa
774 2397 947 2462 sequuntur,

171 2481 204 2539 Et
216 2500 288 2557 quae
302 2499 389 2540 mane
403 2480 500 2552 refert,
515 2489 546 2538 et
560 2498 635 2555 quae
651 2478 839 2555 surgentibus
854 2479 949 2538 astris.
1098 2501 1137 2539 4⁴0

170 2574 221 2633 ille
232 2575 283 2633 'ubi
296 2587 469 2633 nascentem
484 2573 606 2631 maculis
620 2573 776 2631 variaverit
791 2582 888 2631 ortum

170 2667 307 2727 Conditus
322 2667 352 2724 in
367 2665 486 2737 nubem,
502 2665 661 2741 medioque
675 2664 815 2742 refugerit
829 2666 909 2736 orbe,

170 2760 297 2836 Suspecti
311 2759 365 2818 tibi
379 2758 439 2818 sint
454 2757 561 2816 imbres
573 2780 581 2831 ;
602 2776 730 2833 namque
746 2767 851 2836 urguet
865 2757 903 2816 ab
918 2757 979 2815 alto

168 2853 382 2927 Arboribusque
397 2850 528 2927 satisque
543 2853 641 2910 Notus
656 2850 816 2927 pecorique
831 2851 958 2909 sinister.

168 2947 225 3003 Aut
237 2944 286 3003 ubi
301 2945 357 3003 sub
372 2946 468 3003 lucem
483 2945 576 3002 densa
590 2944 667 3003 inter
682 2944 784 3003 nubila
798 2962 865 3003 sese
1100 2964 1137 3003 ⁴⁴⁵

169 3037 278 3097 Diversi
292 3048 430 3114 rumpent
444 3037 526 3109 radii,
542 3047 592 3095 aut
606 3037 657 3095 ubi
673 3037 784 3112 pallida
799 3046 898 3114 surget

167 3131 282 3190 Tithoni
296 3150 433 3191 croceum
448 3131 585 3206 linquens
601 3133 717 3209 Aurora
732 3130 837 3202 cubile,

168 3224 243 3296 Heu,
258 3225 334 3283 male
349 3235 412 3282 turn
426 3223 514 3282 mites
529 3224 671 3283 desendet
685 3223 844 3300 pampinus
858 3239 948 3280 uvas:

166 3317 238 3376 Tam
252 3318 344 3375 multa
358 3316 389 3374 in
404 3316 490 3376 tectis
505 3317 654 3394 crepitans
670 3317 736 3375 salit
750 3316 870 3374 horrida
883 3313 1006 3391 grando.

167 3411 234 3470 Hoc
248 3411 345 3482 etiarn,
361 3428 486 3469 emenso
500 3429 591 3485 quum
610 3412 671 3486 jam
687 3409 805 3468 decedit
821 3409 959 3486 Olymp0,
1102 3437 1140 3474 4⁵0

165 3503 306 3563 Profuerit
321 3503 492 3562 meminisse
507 3503 620 3581 magis;
642 3521 711 3560 nam
727 3521 818 3578 saepe
832 3501 968 3561 videmus

165 3596 261 3673 Ipsius
276 3596 305 3655 in
320 3597 403 3655 vultu
418 3595 516 3655 varios
532 3615 628 3655 errare
644 3595 759 3654 colores
772 3617 780 3668 3

164 3690 323 3748 Caeruleus
338 3689 470 3767 pluviam
485 3689 648 3760 denuntiat,
665 3688 770 3764 igneus
786 3687 901 3758 Euros;

163 3782 214 3840 Sin
229 3783 362 3842 maculae
377 3781 522 3859 incipient
535 3782 623 3840 rutilo
639 3780 831 3839 immiscerier
845 3778 913 3856 igni,

161 3875 272 3934 Omnia
286 3886 346 3934 turn
363 3874 474 3951 pariter
487 3885 577 3933 vento
593 3873 763 3948 nimbisque
776 3872 893 3931 videbis
1104 3895 1141 3933 ⁴55

161 3967 296 4026 Fervere.
341 3969 411 4026 Non
428 3966 479 4025 illa
493 3967 652 4042 quisquam
666 3985 714 4023 me
729 3975 816 4023 nocte
831 3983 886 4040 per
899 3965 992 4023 altum

159 4061 218 4132 Ire,
233 4078 331 4137 neque
345 4079 365 4118 a
378 4070 457 4118 terra
471 4068 592 4117 moneat
605 4058 772 4118 convellere
786 4057 895 4117 sunem.
