2610 4926
401 694 609 740 mutuom.
632 695 690 740 uu
714 696 734 740 1.

90 842 225 920 Occupat
238 839 289 901 hic
303 841 412 901 collem
423 864 433 916 ;
453 843 561 919 cymba
574 841 659 902 sedet
673 843 747 902 alter
759 840 878 903 manca

91 938 129 995 Et
142 936 224 995 ducit
238 953 338 995 remos
352 935 421 1008 illic,
436 935 489 994 ubi
503 953 597 1011 nuper
610 945 725 1010 ararat5

91 1029 148 1088 Ille
162 1048 251 1105 super
265 1038 380 1105 segetes
394 1038 445 1087 aut
459 1046 571 1088 mersae
586 1027 717 1087 culmina
730 1027 818 1088 villae

92 1120 237 1198 Navigat;
257 1121 308 1180 hic
321 1139 438 1180 summa
451 1120 565 1197 piscem
580 1120 738 1197 deprendit
752 1120 782 1179 in
797 1121 887 1180 ulmo.

92 1213 202 1291 Figitur
215 1213 246 1272 in
259 1212 355 1285 uiridi,
370 1213 396 1273 si
410 1214 469 1272 lors
484 1213 558 1285 tulit,
574 1232 684 1272 ancora
697 1225 791 1291 prato,

92 1309 151 1367 Aut
166 1308 303 1382 subjecta
316 1317 414 1365 terunt
427 1325 534 1366 curvae
548 1306 648 1366 vineta
662 1305 798 1378 carinae;

94 1401 137 1472 Fa,
153 1399 247 1459 modo
260 1417 321 1476 qua
333 1398 458 1476 graciles
472 1418 592 1476 gramen
607 1417 741 1475 carpsere
756 1399 897 1476 capellae,
966 1458 972 1469 ,

94 1493 180 1552 Nunc
195 1490 239 1551 ibi
253 1492 402 1551 deformes
415 1502 533 1568 ponunt
547 1511 601 1551 sua
614 1511 739 1568 corpora
753 1487 877 1568 phocae.

94 1585 239 1644 Mirantur
252 1586 309 1644 sub
324 1603 402 1661 aqua
414 1586 498 1644 lucos
512 1585 659 1662 urbesque
673 1586 839 1661 domosque

74 1738 78 1746 ,
94 1677 248 1750 Nereides,
263 1676 410 1753 silvasque
425 1688 528 1737 tenent
541 1677 697 1754 delphines
712 1689 741 1736 et
756 1677 823 1737 altis

94 1771 250 1830 Incursant
263 1769 353 1829 ramis
366 1770 536 1848 agitataque
549 1771 657 1829 robora
671 1771 797 1846 pulsant.

93 1865 152 1922 h'at
167 1865 255 1940 lupus
269 1862 345 1922 inter
358 1882 438 1936 oves,
453 1863 551 1923 fulvos
564 1862 646 1923 vehit
659 1863 741 1921 unda
754 1863 865 1937 leones,

93 1956 185 2016 Unda
199 1955 281 2015 vehit
296 1956 392 2033 tigres,
407 1974 464 2015 nec
478 1955 559 2015 vires-
568 1954 699 2015 fulminis
714 1973 785 2031 apro

94 2049 187 2110 Crura
200 2067 257 2108 nec
273 2050 373 2108 ablato
388 2059 512 2125 prosunt
525 2048 641 2108 velocia
655 2066 752 2121 cervo,

76 2141 304 2217 ,Quaesitisque
318 2142 370 2201 diu
384 2142 476 2215 terris,
491 2141 542 2201 ubi
557 2141 658 2201 sistere
673 2140 775 2217 possit,

94 2235 130 2293 In
145 2253 227 2294 mare
242 2234 357 2293 lassatis
371 2234 498 2294 volucris
508 2254 584 2311 vaga
597 2234 709 2294 decidit
723 2234 784 2294 alis

94 2329 240 2388 Obruerat
255 2327 384 2386 tumulos
398 2326 543 2386 immensa
557 2326 676 2387 licentia
692 2328 785 2404 ponti,

95 2421 315 2495 Pulsabantque
330 2419 399 2478 novi
414 2431 557 2479 montana
570 2420 725 2479 cacumina
739 2421 854 2481 fluctus.
890 2434 893 2443 ·

96 2512 229 2571 Maxima
243 2532 310 2588 pars
324 2513 406 2571 unda
418 2512 547 2589 rapitur;
564 2514 671 2589 quibus
685 2515 765 2573 unda
780 2511 920 2590 pepercit,

97 2607 168 2664 Illos
183 2607 273 2681 longa
288 2606 411 2665 domant
426 2605 507 2682 inopi
520 2606 633 2684 jejunia
647 2607 735 2666 victu.

134 2700 257 2774 Separat
271 2698 387 2761 Aonios
401 2699 523 2758 Oetaeis
539 2700 646 2759 Phocis
661 2701 698 2759 ab
715 2699 798 2773 arvis,

96 2792 186 2849 Terra
201 2792 290 2863 ferax,
306 2791 378 2850 dum
392 2803 468 2850 terra
482 2792 543 2864 suit,
556 2794 608 2852 sed
624 2804 757 2869 tempore
773 2793 803 2851 in
818 2793 869 2852 illo

99 2884 169 2942 Pars
183 2882 272 2941 maris
286 2895 316 2942 et
330 2884 406 2942 latus
421 2884 581 2944 subitarum
596 2904 718 2962 campus
734 2904 884 2962 aquarum.

99 2976 188 3034 Mons
203 2976 243 3034 ibi
258 2976 416 3036 verticibus
432 2979 505 3053 petit
520 2979 627 3037 arduus
642 2990 720 3038 astra
734 2979 861 3049 duobus,

100 3068 227 3127 Nomine
243 3070 400 3141 Pamasus‚
416 3081 593 3147 superatque
608 3072 762 3131 cacumine
777 3073 880 3129 nubes.

101 3161 161 3219 Hic
175 3161 226 3220 ubi
242 3162 459 3221 Deucalion—
468 3183 536 3222 nam
551 3176 650 3224 cetera
664 3174 777 3223 texerat
791 3181 953 3238 aequor-

101 3254 177 3314 Cum
190 3266 329 3313 consorte
343 3254 397 3314 tori
413 3274 503 3331 parva
516 3269 577 3316 rate
592 3268 695 3317 vectus
710 3255 853 3328 adhaesit,
885 3250 900 3275 ⁶

101 3346 259 3423 Corycidas
274 3348 429 3422 Nymphas
444 3360 474 3407 et
487 3349 610 3408 numina
625 3349 733 3408 montis
748 3350 875 3408 adorant
915 3392 919 3399 .

102 3438 324 3514 Fatidicamque
337 3440 475 3513 Themin,
491 3461 567 3517 quae
582 3454 652 3502 tunc
667 3444 767 3501 oracla
781 3442 910 3502 tenebat

103 3532 171 3589 Non
187 3532 236 3590 illo
251 3532 356 3591 melior
371 3534 526 3609 quisquam
541 3554 597 3594 nec
613 3535 758 3594 amantior
772 3533 860 3610 aequi

103 3623 154 3681 Vir
167 3623 228 3695 suit,
243 3637 294 3684 aut
309 3625 360 3684 illa
374 3628 551 3687 metuentior
565 3629 625 3687 ulla
639 3627 769 3686 deorum.

102 3716 215 3793 Jupiter
227 3730 258 3777 ut
272 3718 393 3794 liquidis
407 3731 542 3796 stagnare
558 3720 715 3797 paludibus
730 3720 841 3792 orbem,

105 3810 141 3868 Et
155 3829 309 3886 superesse
322 3806 404 3871 vide't
418 3813 456 3871 de
471 3824 515 3871 tot
530 3814 621 3872 modo
637 3812 766 3872 millibus
781 3831 882 3885 unum,

105 3903 141 3961 Et
155 3922 308 3979 superesse
323 3903 405 3963 videt
419 3906 457 3963 de
472 3914 516 3963 tot
531 3906 622 3964 modo
637 3905 766 3964 millibus
780 3924 880 3979 unam,

105 3995 256 4054 Innocuos
271 3997 385 4067 ambos,
401 3997 529 4056 cultores
543 3997 672 4055 numinis
687 4000 799 4069 ambos,

104 4088 215 4147 Nubila
228 4088 354 4164 disjecit,
369 4088 537 4166 nimbisque
552 4089 691 4166 aquilone
706 4089 826 4149 remotis
