2610 4926
389 772 598 818 remmom.
619 774 678 818 ΗΒ.
701 774 743 817 xi.

84 921 207 989 Munera
218 920 396 998 contigerat,
411 920 548 981 Cerealia
560 921 640 980 dona
653 920 789 998 rigebant
800 941 810 994 3

84 1014 150 1072 Sive
163 1013 257 1090 dapes
269 1014 362 1073 avido
375 1014 542 1073 convellere
557 1014 647 1074 dente
661 1014 792 1090 parabat

82 1106 202 1167 lamina
215 1106 296 1165 sulva
309 1107 406 1184 dapes
418 1107 542 1166 admoto
555 1107 645 1165 dente
659 1107 821 1183 premebat.

82 1200 239 1259 Miscuerat
253 1200 338 1276 puris
351 1210 502 1258 auctorem
516 1199 646 1259 muneris
659 1199 746 1258 undis
758 1220 767 1272 ;

83 1292 178 1351 Fusile
191 1311 246 1369 per
259 1293 351 1352 rictus
365 1306 468 1350 aurum
482 1288 596 1351 fluitare
611 1292 736 1351 videres.

82 1385 230 1444 Attonitus
244 1385 378 1443 novitate
392 1383 473 1456 mali,
485 1383 629 1460 divesque
643 1383 790 1459 miserque

83 1478 213 1555 Effugere
228 1488 314 1554 optat
326 1496 401 1553 opes
414 1488 453 1547 et,
469 1495 545 1553 quae
560 1477 650 1536 modo
665 1487 794 1547 voverat,
810 1473 881 1534 odit.

82 1572 174 1647 Copia
188 1571 271 1629 nulla
285 1571 394 1628 samem
408 1571 539 1643 relevat;
559 1570 624 1630 sitis
638 1569 721 1629 arida
733 1580 833 1647 guttur

83 1664 156 1735 Urit,
171 1676 202 1723 et
216 1664 315 1722 inviso
329 1662 450 1722 meritus
464 1674 618 1739 torquetur
631 1663 670 1721 ab
685 1681 763 1721 auro.

83 1757 130 1816 Ad
142 1757 321 1832 coelumque
335 1775 441 1815 manus
455 1765 485 1815 et
498 1754 657 1832 splendida
670 1754 791 1814 brachia
806 1753 923 1824 tollens,

84 1850 128 1909 Da
140 1849 269 1920 veniam,
286 1849 405 1907 Lenaee
418 1852 519 1924 pater!
563 1846 774 1919 Peccavimus,
794 1846 897 1921 inquit,

81 1944 136 2003 Sed
151 1942 301 2013 miserere,
316 1960 430 2017 precor,
445 1940 641 2017 speciosoque
656 1941 735 2016 eripe
750 1939 878 1998 damnol

83 2037 155 2095 Mite
170 2035 261 2093 ileum
277 2052 395 2106 numen,
412 2033 546 2093 Bacchus
560 2052 702 2109 peccasse
716 2032 859 2091 latentem
904 2032 907 2037 ’

85 2127 231 2198 Restituit,
248 2127 385 2202 iactaque
400 2127 457 2186 lide
472 2127 543 2186 data
555 2145 678 2185 munera
692 2125 788 2185 solvit

86 2222 165 2281 Neve
180 2220 259 2279 male
273 2230 377 2296 optato
391 2239 512 2279 maneas
526 2219 708 2278 circumlitus
721 2237 802 2288 auro,

84 2314 174 2383 Vade,
189 2313 240 2384 ait,
256 2313 295 2370 ad
309 2313 425 2389 magnis
440 2311 567 2371 vicinum
584 2312 867 2393 Sardibuslamnem,
922 2358 925 2363 .

87 2408 196 2483 Perque
209 2407 312 2483 jugum
329 2406 409 2481 ripae
424 2405 592 2464 labentibus
607 2405 712 2463 obvius
726 2404 814 2462 undis

86 2500 178 2574 Carpe
193 2496 279 2567 viam,
296 2496 394 2555 donec
408 2497 511 2555 venias
525 2495 563 2554 ad
579 2495 707 2553 fluminis
721 2507 821 2566 ortus;

88 2590 315 2667 spumigeroque
330 2601 412 2647 tuum
427 2589 510 2659 sonti,
526 2608 585 2665 qua
597 2589 740 2665 plurimus
755 2588 823 2659 exit,

86 2683 180 2741 Subde
195 2692 292 2758 caput,
308 2700 474 2757 corpusque
490 2681 586 2754 simul,
602 2681 688 2739 simul
703 2682 769 2739 elue
784 2681 905 2739 crimen.

89 2776 149 2833 Rex
166 2777 267 2854 jussae
283 2775 416 2835 succedit
430 2794 533 2851 aquae.
576 2775 631 2833 Vis
645 2794 734 2833 aurea
748 2774 833 2832 tinxit

89 2868 206 2925 Flumen
222 2880 252 2926 et
267 2867 397 2925 humano
411 2868 450 2926 de
464 2886 588 2943 corpore
603 2868 691 2926 cessit
706 2868 735 2925 in
752 2885 877 2925 amnem.

89 2960 171 3019 Nunc
186 2979 305 3036 quoque
324 2960 386 3039 jam
401 2961 509 3018 veteris
523 2971 665 3036 percepto
679 2961 792 3018 semine
807 2976 899 3017 venae

89 3055 163 3111 Arva
177 3054 281 3131 rigent,
297 3072 369 3111 auro
380 3052 508 3112 madidis
522 3053 663 3130 pallentia
677 3054 780 3131 glebis.

125 3147 188 3217 Ille,
204 3164 329 3222 perosus
344 3165 426 3221 opes,
442 3147 532 3205 silvas
546 3156 576 3205 et
591 3166 657 3205 rura
671 3146 789 3205 colebat

89 3239 224 3314 Panaque
239 3237 390 3298 montanis
404 3239 586 3298 habitantem
603 3258 719 3315 semper
733 3239 763 3295 in
777 3236 877 3295 antris.

89 3331 198 3407 Pingue
213 3331 268 3389 sed
284 3331 434 3407 ingenium
449 3333 556 3391 mansit
571 3354 579 3405 ;
599 3333 801 3406 nocituraque,
817 3342 849 3387 ut
863 3338 941 3402 ante,

89 3424 200 3482 Rursus
214 3436 299 3482 erant
313 3424 435 3483 domino
450 3426 577 3484 stolidae
592 3424 765 3501 praecordia
780 3423 896 3482 mentis

88 3516 163 3574 Nam
178 3517 251 3575 freta
266 3517 460 3592 prospiciens,
478 3519 535 3577 late
551 3517 625 3594 riget
640 3518 749 3575 arduus
764 3517 824 3575 alto

86 3610 209 3667 Tmolus
224 3609 252 3667 in
268 3611 426 3681 adscensu,
442 3611 579 3686 clivoque
595 3622 732 3669 extentus
744 3622 879 3686 utroque,

87 3702 228 3760 Sardibus
243 3702 321 3774 hinc,
338 3702 418 3761 illinc
433 3704 530 3779 parvis
545 3702 643 3761 finitur
658 3704 822 3778 Hypaepis.

89 3794 149 3851 Pan
165 3794 204 3851 ibi
219 3795 289 3853 dum
305 3796 415 3854 teneris
433 3797 525 3873 jactat
539 3815 594 3855 sua
607 3795 737 3854 carmina
753 3794 907 3873 Nymphis

88 3886 126 3944 Et
140 3886 204 3945 lete
219 3901 319 3946 cerata
333 3889 501 3946 modulatur
516 3890 660 3947 arundine
675 3906 802 3957 carmen,

87 3982 185 4038 Ausus
200 3981 379 4057 Apollineos
395 4000 463 4057 prae
479 4001 510 4040 se
525 3992 715 4043 contemnere
730 3992 842 4051 cantus,

85 4074 190 4148 Judice
205 4074 260 4133 sub
275 4073 386 4133 Tmolo
401 4087 549 4133 certamen
565 4075 645 4132 venit
659 4074 698 4132 ad
714 4074 815 4149 impar.

87 4166 192 4226 Monte
206 4185 261 4226 suo
276 4165 378 4224 senior
388 4166 482 4241 judex
495 4166 639 4239 consedit,
655 4176 685 4226 et
698 4184 785 4225 aures

1103 4444 1232 4640 Ι
