2610 4926
164 770 222 831 134
378 780 381 787 ·
476 769 501 813 r.
523 768 656 813 naumis
676 764 821 813 morus

162 913 243 990 Quid
258 923 373 973 tantum
388 913 513 975 Oceano
527 924 685 991 properent
699 932 731 974 se
745 909 879 991 tinguere
891 911 974 973 soles

163 1006 300 1080 Hibemi,
316 1007 363 1066 vel
377 1026 454 1083 quae
469 1007 559 1067 tardis
573 1024 655 1066 mora
668 998 808 1067 noctibus
821 1006 929 1066 obstet.

162 1099 352 1176 In'geminant
366 1100 469 1176 plausu
485 1099 574 1177 Tyrii,
590 1101 743 1176 Troesque
758 1109 930 1176 sequunmr.

163 1196 230 1253 Nec
244 1211 304 1252 non
319 1204 349 1253 et
363 1192 444 1252 vario
458 1204 578 1253 noctem
592 1210 729 1252 sermone
743 1190 880 1253 trahebat

163 1284 272 1346 Infelix
288 1284 376 1358 Dido,
392 1286 574 1362 longumque
588 1284 710 1346 bibebat
724 1302 865 1359 amorem,

164 1378 263 1439 Multa
277 1397 365 1454 super
380 1377 498 1438 Priamo
512 1377 651 1456 rogitans,
666 1396 757 1454 super
771 1378 906 1439 Hectore
919 1375 1015 1439 multa
1023 1396 1034 1461 5

163 1473 263 1544 Nunc,
280 1470 386 1547 quibus
402 1473 534 1530 Aurorae
547 1470 677 1531 venisset
691 1470 769 1530 filius
782 1468 879 1543 armis,

164 1567 262 1637 Nunc,
278 1564 381 1640 quales
395 1562 551 1623 Diomedis
564 1563 642 1640 equi,
657 1582 745 1637 nunc,
762 1571 890 1639 quantus
904 1560 1045 1629 Achillea

165 1660 264 1718 Immo
279 1674 341 1732 age,
357 1668 387 1715 et
401 1674 419 1715 a
433 1656 528 1732 prima
540 1655 598 1730 dic,
613 1657 731 1734 hospes,
746 1654 860 1734 origine
874 1653 964 1717 nobis

165 1748 301 1822 Insidias,
317 1747 421 1824 inquit,
438 1750 745 1826 Danaum„casusque
759 1758 886 1823 tuorum,

165 1845 344 1918 Erroresque
359 1852 447 1915 tuos,
467 1861 536 1902 narn
552 1853 581 1903 te
594 1844 655 1920 jam
670 1840 797 1920 septima
810 1851 911 1920 portat

165 1934 314 1999 Omnibus
328 1945 473 1996 errantem
487 1933 570 1997 terris
583 1946 615 1997 et
627 1935 767 1997 fluctibus
780 1946 887 2001 aaut·

537 2340 684 2400 LIBER
713 2341 767 2401 11.

166 2588 376 2647 Coumcusns
389 2605 503 2659 omnes,
519 2586 684 2663 intentique
699 2605 750 2646 ora
764 2588 913 2648 tenebant.

165 2680 244 2739 Inde
260 2692 324 2739 toro
339 2690 422 2755 pater
435 2681 554 2740 Aeneas
570 2679 611 2739 sic
626 2699 709 2739 orsus
724 2680 762 2738 ab
777 2681 856 2739 alto:

208 2773 377 2845 Infandum,
395 2772 517 2849 Regina,
531 2774 619 2849 jubes
633 2791 773 2832 renovare
788 2772 931 2845 dolorem,

165 2867 312 2942 Trojanas
326 2876 358 2924 ut
372 2884 445 2942 opes
461 2877 490 2924 et
505 2865 694 2925 lamentabile
709 2883 830 2942 regnum

167 2956 303 3017 Eruerint
319 2957 435 3030 Danai;
456 2977 591 3034 quaeque
606 2957 669 3034 ipse
684 2956 845 3017 miserrima
858 2955 929 3029 vidi,

167 3053 206 3110 Et
220 3069 345 3126 quorum
360 3069 427 3126 pars
441 3069 548 3126 magna
563 3050 611 3108 sui.
656 3049 731 3125 Quis
745 3049 816 3108 talia
829 3049 921 3108 sando

167 3143 390 3220 Myrmidonum
407 3144 596 3219 Dolopumve
611 3153 661 3202 aut
676 3142 740 3202 duri
755 3142 839 3201 miles
855 3139 937 3201 Ulixi

166 3239 326 3313 Temperet
340 3255 358 3294 a
373 3235 519 3296 lacrimis?
540 3246 569 3296 et
582 3237 644 3312 jam
659 3254 718 3295 nox
733 3234 856 3294 humida
869 3234 956 3293 coelo

166 3328 352 3405 Praecipitat,
369 3329 553 3404 suadentque
568 3327 706 3388 cadentia
720 3327 817 3386 sidera
831 3345 960 3386 somnos

168 3422 228 3481 Sed
243 3421 267 3479 si
282 3432 379 3479 tantus
394 3440 477 3480 amor
491 3440 577 3480 casus
592 3439 771 3498 cognoscere
787 3431 904 3479 nostros

168 3516 206 3572 Et
221 3514 347 3573 breviter
362 3516 471 3590 Trojae
486 3534 655 3590 supremum
671 3512 772 3572 audire
787 3514 929 3583 laborem,

167 3608 356 3682 Quamquam
372 3606 486 3666 animus
501 3606 670 3667 meminisse
685 3608 792 3679 horret,
809 3606 950 3681 luctuque
965 3601 1075 3681 refugit,

167 3699 321 3774 Incipiam.
366 3701 390 3758 F
392 3700 462 3759 racti
477 3701 557 3759 bello
572 3701 697 3777 satisque
713 3698 820 3777 repulsi

167 3793 315 3850 Ductores
331 3793 478 3866 Danaum,
495 3805 539 3852 tot
552 3795 613 3869 jani
629 3793 798 3852 labentibus
813 3790 907 3864 annis,

168 3886 266 3944 Instar
281 3885 390 3944 montis
404 3905 514 3961 equum
530 3885 629 3945 divina
646 3886 774 3945 Palladis
788 3896 850 3944 arte

167 3978 345 4049 Aedificant,
362 3990 502 4055 sectaque
517 3979 652 4038 intexunt
667 3979 764 4038 abiete
779 3989 898 4051 costas;

165 4071 278 4130 Votum
293 4089 347 4147 pro
361 4071 455 4130 reditu
471 4071 630 4144 simulant;
650 4090 686 4130 ea
701 4072 779 4130 lama
791 4082 920 4147 vagatur.

167 4164 239 4226 Huc
253 4165 371 4250 delecta
384 4162 477 4223 virum
492 4164 586 4224 sortiti
600 4182 726 4242 corpora
740 4163 837 4223 furtim
