2610 4926
251 744 288 799 14
582 741 607 784 P.
629 741 729 785 OVIDll
752 739 886 783 NASONIS

249 885 454 962 Imposuitque
469 905 573 946 comae
588 887 693 959 radios,
710 903 910 963 praesagaque
923 883 1020 943 luctus

249 982 373 1039 Pectore
387 976 515 1038 sollicito
529 990 667 1056 repetens
682 977 805 1055 suspiria
817 976 908 1037 dixit:

248 1072 278 1133 Si
292 1083 378 1148 potes
393 1071 440 1131 his
454 1072 558 1130 saltem
574 1071 695 1131 monitis
710 1089 812 1148 parere
826 1069 965 1146 parentis,

249 1167 349 1238 Parce,
365 1183 446 1241 puer,
462 1163 595 1237 stimulis,
611 1175 641 1224 et
655 1164 757 1223 fortius
771 1174 852 1223 utere
867 1163 956 1223 loris:

250 1259 363 1334 Sponte
378 1276 432 1316 sua
446 1269 623 1335 properant3
644 1258 728 1316 labor
741 1265 788 1315 est
801 1256 934 1317 inhibere
944 1258 1089 1317 volentes.

249 1352 315 1410 Nec
330 1350 383 1410 tibi
399 1350 526 1410 directos
541 1352 658 1427 placeat
671 1349 719 1409 via
733 1349 864 1426 quinque
880 1370 933 1427 per
945 1369 1037 1410 arcus

248 1446 352 1504 Sectus
367 1443 398 1502 in
413 1443 567 1518 obliquum
581 1454 625 1502 est
640 1443 701 1502 lato
715 1444 885 1503 curvamine
900 1444 994 1517 limes,

206 1550 211 1559 ·
249 1539 454 1612 Zonarumque
469 1536 556 1595 trium
570 1547 729 1596 contentus
744 1538 803 1596 fine
819 1538 982 1614 polumque

250 1628 360 1705 Effugit
374 1629 531 1687 australem
544 1629 737 1706 junctamque
752 1630 942 1706 aquilonibus
955 1625 1076 1689 Arcton.
1112 1636 1117 1644 ’

250 1724 319 1781 Hac
334 1721 371 1780 sit
386 1721 458 1794 iter;
479 1720 635 1781 manifesta
649 1735 731 1783 rotae
745 1722 868 1799 vestigia
882 1742 992 1782 cernes.

249 1818 352 1891 thue
367 1814 461 1873 serant
475 1833 588 1891 aequos
602 1826 632 1875 et
647 1817 764 1876 coelum
779 1827 808 1875 et
823 1827 899 1875 terra
912 1817 1034 1889 calores,

250 1911 316 1968 Nec
330 1926 432 1984 preme
446 1926 503 1967 nec
518 1927 666 1968 summum
680 1909 783 1970 molire
798 1929 851 1986 per
864 1909 985 1969 aethera
998 1927 1132 1969 currum:

248 2000 347 2061 Altius
361 2019 497 2077 egressus
511 2003 652 2063 coelestia
667 2013 746 2062 tecta
759 2002 913 2075 cremabis,

250 2093 376 2154 Inferius
391 2105 501 2167 terras;
521 2095 621 2155 medio
636 2095 798 2154 tutissimus
814 2095 876 2153 ibis.

250 2190 319 2248 Neu
333 2198 363 2247 te
378 2174 651 2248 dexterior'tortum
666 2188 796 2247 declinet
810 2189 846 2246 ad
862 2189 1008 2263 Anguem,

250 2283 335 2340 Neve
351 2279 513 2339 sinisterior
527 2299 657 2357 pressam
671 2291 736 2339 rota
750 2282 839 2340 ducat
854 2280 891 2339 ad
906 2283 1017 2340 Aram:

250 2375 334 2433 Inter
347 2384 503 2449 utrumque
518 2385 595 2433 tene.
639 2375 787 2433 Fortunae
802 2384 900 2432 cetera
914 2374 1034 2447 mand0,

250 2468 336 2541 Quae
349 2467 432 2542 juvet
446 2476 478 2525 et
491 2465 596 2525 melius
611 2486 700 2543 quam
715 2477 747 2526 tu
762 2466 814 2526 tibi
830 2468 974 2540 consulat,
991 2478 1072 2544 opto.

251 2562 332 2620 Dum
348 2561 461 2636 loquor,
482 2559 630 2636 Hesperio
645 2560 758 2637 positas
774 2559 803 2618 in
820 2559 905 2619 litore
920 2572 1014 2619 metas

251 2653 386 2713 Humida
400 2671 459 2711 nox
474 2653 575 2729 tetigit
620 2655 690 2713 Non
706 2665 751 2713 est
765 2672 848 2712 mora
862 2653 955 2713 libera
968 2653 1075 2727 nobis;

250 2747 412 2819 Poscimur,
429 2756 459 2805 et
472 2747 565 2822 fulget
579 2746 708 2807 tenebris
724 2749 840 2806 Aurora
854 2746 967 2823 sugatis

250 2840 374 2918 Corripe
389 2840 451 2898 lora
466 2859 564 2913 manu,
579 2841 635 2913 vel,
651 2840 676 2899 si
692 2840 833 2899 mutabile
847 2852 952 2917 pectus

251 2936 304 2992 Est
319 2933 381 3006 tibi,
397 2932 536 3005 consiliis,
552 2952 614 2992 non
630 2932 762 2993 curribus
776 2946 858 2993 utere
873 2933 989 3006 nostris,

251 3029 331 3086 Dum
346 3037 433 3103 potes
447 3037 478 3086 et
492 3026 595 3086 solidis
609 3026 698 3086 etiam
714 3046 793 3086 nunc
808 3026 931 3086 sedibus
946 3028 1054 3099 adstas,

250 3123 391 3195 Dumque
407 3121 483 3179 male
498 3131 618 3196 optatos
632 3120 766 3180 nondum
780 3120 889 3197 premis
905 3120 1015 3179 inscius
1030 3138 1106 3179 axes

250 3215 336 3288 Quae
352 3224 431 3272 tutus
446 3226 572 3290 spectes,
589 3212 653 3272 sine
667 3232 715 3272 me
731 3214 801 3272 dare
817 3213 927 3272 lumina
942 3212 1033 3273 terris

250 3308 388 3383 Occupat
403 3306 451 3365 ille
466 3307 561 3366 levem
574 3306 697 3382 juvenili
712 3326 836 3383 corpore
851 3326 977 3379 currum,

250 3400 373 3474 Statque
388 3418 476 3475 super
490 3400 686 3475 manibusque
702 3400 786 3459 datas
801 3400 972 3476 contingere
988 3399 1120 3460 habenas

250 3492 378 3563 Gaudet,
394 3503 424 3551 et
438 3490 531 3550 invito
545 3503 642 3567 grates
656 3492 717 3568 agit
731 3492 800 3551 inde
816 3490 938 3568 parenti.

251 3587 370 3644 Interea
383 3586 526 3657 volucres,
543 3584 673 3660 PyroeiS,
691 3587 779 3656 Eous,
795 3595 826 3642 et
839 3584 969 3655 Aethon,

250 3677 327 3737 Solis
342 3677 420 3753 equi,
437 3689 616 3752 quartusque
632 3678 775 3752 Phlegon,
791 3674 954 3734 hinnitibus
969 3695 1055 3736 auras

251 3769 446 3829 Flammiferis
460 3769 585 3845 implent
600 3769 786 3846 pedibusque
801 3769 941 3845 repagula
955 3771 1081 3845 pulsant.

251 3863 337 3938 Quae
351 3874 511 3938 postquam
527 3863 650 3938 Tethys,
666 3861 792 3920 satorum
808 3861 908 3938 ignara
921 3862 1047 3939 nepotis,

252 3954 384 4032 Repulit,
400 3965 430 4014 et
442 3954 520 4014 facta
534 3950 581 4014 es't
595 3953 732 4012 immensi
746 3955 834 4032 copia
849 3955 960 4029 mundi,

253 4047 428 4125 Corripuere
442 4047 529 4120 viam,
545 4049 731 4125 pedibusque
745 4068 798 4125 per
812 4052 880 4108 a'e'ra
896 4049 986 4109 motis

253 4142 417 4202 Obstantes
431 4140 572 4201 scindunt
587 4142 719 4216 nebulas,
735 4143 902 4220 pennisque
916 4143 1005 4204 levati
