2610 4926
164 731 206 793 ῃ
497 731 523 774 ι».
545 729 645 783 ovmrr
667 728 805 777 sisours.

163 874 345 954 Concipiunt
360 873 526 953 Baucisque
539 894 643 953 preces
657 874 837 953 timidusque
852 873 1020 951 Philemon,

163 969 202 1028 Et
216 967 332 1029 veniam
347 968 475 1047 dapibus
488 968 638 1045 nullisque
651 968 803 1046 paratibus
818 979 910 1031 orant.

162 1061 280 1122 Unicus
295 1080 381 1121 anser
394 1071 464 1134 erat,
480 1060 620 1123 minimae
635 1061 772 1122 custodia
786 1061 883 1135 villae,
1100 1077 1141 1129 see

162 1156 261 1230 Quem
276 1155 322 1214 dis
337 1153 505 1231 hospitibus
517 1153 632 1214 domini
646 1166 775 1215 mactare
789 1155 941 1232 parabant.

163 1248 219 1307 Ille
233 1248 312 1307 celer
324 1266 424 1325 penna
438 1247 538 1308 tardos
552 1257 649 1308 aetate
663 1246 775 1325 fatigat,

163 1340 323 1417 Eluditque
338 1340 398 1414 diu,
414 1341 594 1416 tandemque
609 1352 654 1401 est
667 1339 747 1401 visus
761 1339 800 1401 ad
815 1340 897 1418 ipsos

163 1433 341 1511 Confugisse
357 1433 439 1493 deos.
482 1432 586 1509 Superi
601 1446 720 1493 vetuere
734 1432 842 1506 necari,

162 1525 263 1603 Dique
278 1545 388 1599 sumus,
405 1524 584 1603 meritasque
599 1528 660 1587 luet
674 1525 783 1587 vicinia
796 1543 911 1604 poenas

163 1619 268 1696 Impia,
285 1618 430 1692 dixerunt,
445 1618 532 1680 vobis
546 1618 728 1692 immunibus
741 1620 830 1695 hujus

163 1713 238 1772 Esse
252 1711 322 1772 mali
338 1711 472 1786 dabitur:
493 1712 587 1773 modo
599 1722 696 1773 vestra
709 1710 866 1788 relinquite
880 1721 959 1773 tecta

161 1808 208 1864 Ac
217 1815 342 1865 nostros
356 1806 498 1866 comitate
510 1805 627 1882 gradus,
641 1817 673 1866 et
686 1804 716 1864 in
731 1805 823 1864 ardua
837 1803 949 1867 montis

162 1899 209 1958 Ite
224 1897 328 1957 simull
372 1900 480 1959 Parent
493 1909 533 1971 et,
548 1897 594 1957 dis
608 1897 828 1975 praeeuntibus,
840 1899 931 1958 ambo
995 1895 997 1900 ’

163 1991 301 2050 Membra
315 1991 417 2052 levant
430 1990 553 2064 baculis,
568 1991 704 2067 tardique
718 1989 861 2053 senilibus
871 1988 958 2051 annis

162 2085 191 2149 N
194 2082 305 2145 ituntur
319 2085 410 2162 longo
424 2083 548 2161 vestigia
562 2102 674 2161 ponere
688 2082 775 2144 clivo.

161 2178 293 2236 Tantum
308 2179 432 2238 aberant
446 2196 572 2250 summo,
588 2187 731 2253 quantum
747 2176 842 2241 semel
855 2174 897 2236 ire
911 2175 1020 2255 sagitta

162 2268 258 2329 Missa
271 2282 388 2348 potest:
409 2270 516 2331 flexere
531 2270 643 2342 oculos,
659 2281 690 2328 et
703 2287 802 2328 mersa
815 2269 925 2345 palude

162 2364 271 2423 Cetera
284 2363 477 2441 prospiciunt,
498 2372 613 2423 tantum
635 2381 689 2420 sua
706 2370 786 2420 tecta
800 2380 927 2422 manere.

163 2457 304 2533 Dumque
320 2476 356 2516 ea
370 2456 521 2528 mirantur,
537 2455 609 2514 dum
624 2454 737 2514 deflent
750 2455 810 2514 sata
824 2474 952 2533 suorum,

163 2550 221 2608 Illa
235 2560 328 2622 vetus,
345 2549 474 2609 dominis
488 2547 578 2608 etiam
593 2567 662 2608 casa
676 2566 766 2624 parva
780 2547 906 2620 duobus,

162 2642 294 2701 Vertitur
308 2641 338 2700 in
354 2643 516 2719 templum:
537 2642 634 2701 furcas
649 2640 766 2701 subiere
780 2642 947 2714 columnae,

164 2735 312 2795 Stramina
326 2735 491 2796 flavescunt
505 2746 665 2810 aurataque
679 2744 759 2793 tecta
772 2733 917 2806 videntur,

164 2829 365 2905 Caelataeque
380 2829 458 2888 sores
473 2828 674 2904 adopertaque
690 2845 835 2886 marmore
849 2827 943 2888 tellus
986 2861 993 2873 ·

163 2920 249 2980 Talia
263 2931 325 2980 turn
341 2921 460 2997 placido
474 2920 627 2981 Saturnius
642 2919 736 2981 edidit
751 2938 821 2980 ore:

165 3013 273 3086 Dicite,
287 3015 366 3090 juste
381 3033 472 3073 senex
487 3025 517 3074 et
531 3013 641 3073 semina
654 3015 782 3090 conjuge
794 3014 877 3090 justo

164 3106 272 3183 Digna,
289 3105 361 3183 quid
375 3106 490 3184 optetis.
535 3107 613 3168 Cum
629 3106 759 3166 Baucide
774 3124 871 3183 pauca
884 3105 1009 3181 locutus,

163 3198 314 3275 Judicium
329 3199 447 3277 Superis
462 3199 556 3276 aperit
570 3218 729 3259 commune
746 3198 922 3259 Philemon:

165 3293 239 3350 Esse
254 3293 422 3352 sacerdotes
436 3294 618 3369 delubraque
633 3304 731 3353 vestra
744 3291 818 3352 tueri

166 3383 339 3460 Poscimus;
359 3396 389 3445 et
403 3386 544 3462 quoniam
559 3387 724 3448 concordes
737 3384 852 3462 egimus
867 3404 972 3460 annos,

166 3477 289 3537 Auserat
303 3478 376 3537 hora
390 3481 466 3539 duos
480 3480 595 3552 eadem,
612 3498 667 3539 nec
682 3477 817 3555 conjugis
832 3497 964 3554 unquam

166 3571 256 3628 Busta
270 3590 354 3631 meae
368 3571 494 3644 videam,
510 3592 568 3631 neu
584 3571 639 3630 sim
654 3570 844 3630 tumulandus
859 3572 897 3631 ab
912 3571 970 3631 illa.

164 3663 245 3723 Vota
259 3664 333 3723 fides
348 3664 496 3741 sequitur:
518 3663 620 3741 templi
635 3663 727 3722 tutela
741 3663 830 3735 suere,

166 3756 273 3816 Donec
287 3756 348 3817 vita
362 3758 432 3817 data
446 3767 498 3817 est
543 3755 638 3815 Annis
654 3774 787 3831 aevoque
802 3755 890 3815 soluti

165 3850 245 3908 Ante
258 3850 366 3926 gradus
381 3868 479 3909 sacros
493 3867 584 3925 quum
600 3858 710 3908 starent
725 3848 799 3908 sorte
815 3848 933 3926 locique

166 3942 326 4002 Narrarent
340 3960 435 4013 casus,
451 3941 586 4000 frondere
602 3939 778 4000 Philemona
792 3941 906 4015 Baucis,

167 4035 298 4094 Baucida
311 4032 466 4109 conspexit
480 4032 578 4092 senior
592 4033 727 4093 frondere
744 4033 917 4094 Philemon:

165 4129 293 4204 Jamque
308 4144 395 4202 super
407 4124 543 4202 geminos
556 4137 707 4187 crescente
722 4127 877 4187 cacumine
890 4129 998 4203 vultus
