2610 4926
211 1071 257 1165 P.
293 1069 555 1164 OVIDII
594 1067 932 1164 NASONIS

326 1325 564 1393 TRISTIUM
588 1324 733 1391 LIBER
757 1325 814 1391 1v.

518 1549 616 1583 -0-

435 1725 631 1785 ELEGIA
662 1724 707 1783 X.

94 1888 162 1947 Irus
174 1905 238 1966 ego,
253 1886 305 1965 qui
318 1884 433 1960 fuerim,
447 1895 615 1945 tenerorum
629 1886 710 1945 lusor
724 1902 867 1957 amorum,

128 1981 222 2055 Quem
237 1981 318 2058 legis,
333 1991 366 2039 ut
380 1978 469 2052 noris,
484 1977 596 2055 accipe,
612 1977 777 2055 posteritas

92 2073 186 2134 Sulmo
199 2073 271 2133 mihi
286 2073 381 2151 patria
393 2083 447 2145 est,
461 2071 568 2150 gelidis
581 2071 748 2132 uberrimus
762 2070 858 2144 undis,

129 2166 222 2226 Miltia
235 2166 286 2244 qui
300 2166 404 2226 novies
418 2165 508 2237 distat
521 2167 561 2226 ab
576 2167 660 2226 Urbe
674 2166 799 2225 decern:

95 2259 190 2319 Editus
204 2261 275 2320 hinc
289 2278 347 2336 ego
361 2278 426 2319 sum
438 2282 447 2334 3
467 2278 524 2319 nec
537 2277 608 2331 uon,
624 2268 657 2318 ut
672 2271 807 2334 tempora
821 2256 911 2332 noris,
1049 2283 1063 2325 ι

128 2351 225 2424 Quum
240 2350 350 2410 cecidit
363 2349 424 2408 tato
437 2352 542 2410 consul
557 2363 680 2427 uterque
694 2349 757 2426 pari
769 2371 777 2423 3

94 2444 202 2520 Siquid
216 2445 246 2504 id
261 2457 316 2516 est,
332 2464 425 2521 usque
440 2463 458 2503 a
472 2444 588 2521 proavis
602 2455 687 2503 vetus
701 2444 812 2504 ordinis
827 2445 921 2518 heros,

130 2538 196 2596 Non
211 2539 305 2597 modo
319 2539 467 2597 Fortunae
482 2557 603 2597 munere
619 2539 712 2597 sactus
727 2557 825 2613 eques

96 2629 153 2688 Nec
167 2630 255 2707 stirps
270 2630 365 2707 prima
378 2631 437 2704 sui3
457 2632 559 2707 genito
574 2651 639 2691 sum
654 2632 740 2690 fratre
755 2643 878 2704 creatus,

130 2723 186 2797 Qui
201 2724 294 2783 tribus
309 2736 378 2783 ante
393 2736 496 2799 quater
509 2724 661 2784 mensibus
675 2736 756 2785 ortus
770 2736 839 2785 erat

96 2815 205 2875 Lucifer
219 2818 375 2876 amborum
390 2817 536 2877 natalibus
550 2818 632 2877 affuit
647 2818 746 2893 idem;

131 2909 199 2968 Una
212 2910 362 2968 celebrata
375 2919 421 2968 est
434 2930 487 2987 per
501 2911 561 2971 duo
575 2910 636 2969 liba
650 2911 721 2971 dies.

97 3000 175 3060 Haec
190 3012 234 3061 est
249 3002 400 3063 armiferae
415 3003 497 3062 festis
511 3004 549 3063 de
563 3004 695 3080 quinque
711 3004 873 3077 Minervae,

130 3094 213 3168 Quae
228 3095 290 3154 fieri
305 3115 404 3172 pugna
418 3097 512 3173 prima
526 3110 647 3156 cruenta
661 3098 744 3157 solet.

95 3185 225 3246 Protinus
239 3187 401 3247 excolimur
414 3189 515 3261 teneri,
530 3209 659 3266 curaque
673 3190 804 3265 parentis
1039 3215 1063 3258 ις
1158 3231 1162 3238 .

132 3281 211 3339 Imus
225 3282 263 3340 ad
279 3281 408 3357 insignes
423 3282 516 3342 Urbis
530 3285 568 3342 ab
583 3296 643 3342 arte
658 3284 743 3342 viros

95 3372 191 3432 Frater
204 3374 242 3432 ad
257 3375 408 3449 eloquium
422 3374 506 3433 viridi
521 3377 662 3436 tendebat
676 3379 714 3436 ab
729 3394 813 3450 aevo,

132 3465 230 3524 Fortia
243 3466 360 3525 verbosi
375 3479 461 3527 natus
475 3469 513 3528 ad
528 3487 609 3527 arma
623 3470 685 3528 sori.

93 3558 133 3617 At
147 3557 216 3615 mihi
230 3560 291 3633 jam
306 3578 399 3635 puero
413 3561 554 3621 coelestia
567 3581 650 3622 sacra
664 3563 830 3639 placebant,

133 3651 227 3725 Inque
241 3670 326 3710 suum
342 3652 439 3712 furtim
455 3656 544 3713 Musa
558 3656 692 3715 trahebat
706 3675 787 3733 opus

90 3742 186 3817 Saepe
199 3755 281 3819 pater
294 3744 387 3804 dixit:
407 3746 541 3806 Studium
557 3747 629 3824 quid
642 3748 746 3808 inutile
760 3752 877 3812 tentas?

134 3836 308 3896 Maeonides
323 3838 419 3897 nullas
433 3839 496 3915 ipse
511 3840 627 3916 reliquit
641 3861 721 3918 opes.

93 3927 197 3985 Motus
210 3947 287 3987 eram
303 3929 398 4003 dictis,
414 3942 538 4008 totoque
554 3934 702 3994 Helicone
717 3936 828 4010 relict0‚

134 4019 266 4081 Scribere
280 4024 411 4083 conabar
424 4026 515 4086 verba
528 4027 625 4086 soluta
638 4029 753 4089 modis:
