2610 4926
166 716 223 772 114
480 717 505 760 P.
525 717 658 761 VIRGlLll
680 717 823 763 MARONIS

163 859 301 919 Necdum
315 859 405 920 etiam
419 879 539 922 caussae
554 861 661 922 irarum
675 863 814 941 saevique
828 864 948 926 dolores

163 952 343 1011 Exciderant
357 953 475 1012 animo:
496 967 595 1014 manet
609 956 669 1015 alta
683 967 783 1015 mente
797 968 949 1035 repostum

162 1044 311 1122 Judicium
327 1045 440 1105 Paridis
454 1058 630 1125 spretaeque
645 1048 749 1124 injuria
763 1049 883 1125 formae,

164 1139 202 1198 Et
216 1157 308 1215 genus
323 1137 458 1213 invisum,
475 1151 505 1198 et
518 1140 593 1217 rapti
609 1141 792 1218 Ganymedis
806 1143 953 1219 honores3

163 1230 223 1290 His
237 1250 365 1290 accensa
378 1250 465 1308 super
477 1233 605 1308 jactatos
619 1252 747 1310 aequore
762 1245 827 1295 toto
909 1274 912 1279 ·
1007 1276 1011 1281 -

162 1326 258 1383 Troas
272 1323 409 1400 reliquias
425 1325 563 1384 Danaum
577 1336 666 1402 atque
681 1326 800 1387 immitis
815 1327 934 1403 Achilli,

163 1418 295 1477 Arcebat
309 1418 397 1494 longe
413 1417 509 1491 Latio,
525 1418 692 1495 multosque
706 1439 760 1496 per
773 1439 869 1481 annos

164 1511 317 1581 Errabant,
333 1509 391 1568 acti
406 1510 481 1583 latis,
497 1509 589 1570 maria
602 1511 704 1571 omnia
717 1510 834 1573 circum

163 1605 278 1662 Tantae
293 1602 379 1661 molis
393 1613 455 1661 erat
471 1605 639 1663 Romanam
653 1606 782 1666 condere
796 1617 924 1684 gentem.

143 1716 147 1729 ·
202 1694 262 1752 Vix
276 1714 293 1753 e
307 1706 470 1770 conspectu
484 1696 599 1756 Siculae
614 1696 725 1758 telluris
739 1697 769 1756 in
785 1700 877 1759 altum

162 1788 239 1846 Vela
253 1787 365 1847 dabant
379 1787 457 1860 laeti,
473 1798 503 1847 et
518 1808 636 1865 spumas
651 1790 720 1851 salis
734 1810 801 1851 aere
815 1794 948 1866 ruebant,

164 1881 240 1940 Cum
254 1883 343 1957 Juno,
358 1891 510 1940 aeternum
525 1901 645 1943 servans
659 1886 713 1944 sub
731 1897 850 1961 pectore
865 1886 980 1959 vulnus,

164 1974 251 2032 Haec
266 1993 385 2033 secum:
408 1975 500 2035 Mene
515 1974 635 2053 incepto
650 1976 790 2037 desistere
804 1977 921 2051 victam,

164 2068 229 2128 Nec
244 2086 331 2144 posse
347 2066 435 2126 ltalia
449 2069 631 2129 Teucrorum
644 2081 774 2130 avertere
789 2074 907 2148 regem?

163 2161 284 2238 Quippe
298 2172 382 2220 vetor
396 2160 471 2221 latis.
515 2164 650 2223 Pallasne
666 2183 785 2224 exurere
799 2164 927 2225 classem

163 2254 307 2331 Argivum
322 2264 412 2330 atque
427 2253 508 2331 ipsos
522 2256 618 2332 potuit
632 2258 819 2333 submergere
833 2269 937 2334 ponto,

164 2346 263 2406 Unius
278 2348 318 2406 ob
332 2367 442 2405 noxam
457 2359 486 2407 et
500 2348 587 2408 furias
602 2350 704 2425 Ajacis
719 2350 815 2410 Oilei?

163 2443 243 2518 Ipsa,
259 2440 342 2517 Jovis
357 2441 492 2516 rapidum
504 2443 634 2520 jaculata
648 2463 664 2503 e
680 2443 808 2503 nubibus
824 2443 931 2521 ignem,

164 2534 348 2613 Disjecitque
364 2546 440 2593 rates
454 2536 616 2612 evertitque
631 2556 760 2613 aequora
774 2538 878 2610 ventis,

163 2629 252 2687 Illum
267 2627 465 2704 exspirantem
480 2630 620 2688 transfixo
634 2641 753 2706 pectore
769 2630 902 2687 flammas

163 2723 295 2781 Turbine
309 2721 448 2798 corripuit
464 2725 646 2799 scopuloque
661 2723 755 2782 infixit
769 2734 877 2796 acuto;

163 2820 220 2876 Ast
234 2836 300 2894 ego,
316 2836 392 2892 quae
407 2816 508 2875 divum
524 2816 630 2876 incedo
646 2817 753 2892 regina,
768 2816 912 2893 Jovisque

164 2913 201 2970 Et
217 2930 300 2969 soror
313 2923 343 2970 et
358 2912 475 2986 conjux,
491 2929 630 2969 unacum
646 2922 734 2986 gente
749 2920 792 2969 tot
808 2927 902 2968 annos

163 3007 246 3064 Bella
259 3024 338 3082 gero,
385 3006 422 3063 Et
437 3005 592 3080 quisquam
607 3023 716 3061 numen
731 3002 858 3079 Junonis
873 3002 979 3063 adorat

164 3102 327 3170 Praeterea,
343 3108 393 3156 aut
407 3098 532 3173 supplex
546 3096 601 3154 aris
617 3096 742 3172 imponit
756 3096 921 3154 honorem?

202 3192 288 3251 Talia
303 3193 452 3250 flammato
468 3210 568 3249 secum
583 3190 639 3248 dea
653 3190 742 3248 corde
757 3190 894 3247 volutans

163 3287 192 3343 N
196 3285 342 3344 imborum
358 3284 387 3343 in
402 3283 535 3360 patriam,
552 3283 618 3342 loca
633 3282 693 3341 leta
707 3280 870 3341 furentibus
884 3279 1000 3354 austris,

163 3377 300 3436 Aeoliam
315 3376 403 3436 venit.
448 3376 509 3435 Hic
524 3388 607 3435 vasto
622 3396 673 3434 rex
688 3377 799 3434 Aeolus
815 3385 900 3433 antro

163 3471 324 3530 Luctantcs
339 3482 445 3529 ventos
461 3481 711 3546 tempestatesque
726 3487 848 3527 sonoras

163 3567 294 3643 Imperio
309 3567 415 3644 premit
430 3586 465 3626 ac
480 3566 583 3625 vinclis
598 3578 627 3625 et
642 3586 756 3625 carcere
771 3565 874 3624 frenat.

163 3660 211 3719 Illi
227 3660 414 3738 indignantes
430 3678 538 3736 magno
553 3679 619 3718 curn
631 3678 777 3718 murmure
792 3657 901 3717 montis

163 3752 282 3812 Circum
298 3755 425 3812 claustra
439 3755 586 3825 fremunt5
606 3754 685 3811 celsa
700 3753 783 3811 sedet
799 3752 911 3811 Aeolus
926 3770 994 3811 arce

163 3847 287 3923 Sceptra
302 3857 414 3919 tenens,
431 3847 585 3921 mollitque
600 3845 715 3904 animos
729 3857 758 3904 et
773 3856 917 3921 temperat
931 3843 1009 3920 iras;

163 3939 204 3997 Ni
220 3939 315 4012 saciat,
331 3941 423 3999 maria
437 3959 472 3998 ac
488 3951 577 3998 terras
592 3940 768 4014 coelumque
783 3939 961 4015 profundum

163 4032 283 4109 Quippe
299 4034 391 4092 serant
407 4031 501 4108 rapidi
516 4050 617 4089 secum
633 4044 806 4106 verrantque
822 4051 873 4106 per
887 4050 980 4091 auras

163 4127 221 4185 Sed
237 4138 320 4203 pater
334 4125 523 4202 omnipotens
538 4124 686 4200 speluncis
701 4124 816 4184 abdidit
830 4124 907 4198 atris,
