<?xml version="1.0" encoding="UTF-8"?>
<!DOCTYPE html PUBLIC "-//W3C//DTD XHTML 1.0 Transitional//EN"
    "http://www.w3.org/TR/xhtml1/DTD/xhtml1-transitional.dtd">
<html xmlns="http://www.w3.org/1999/xhtml" xml:lang="en" lang="en">
 <head>
  <title>
</title>
<meta http-equiv="Content-Type" content="text/html;charset=utf-8" />
  <meta name='ocr-system' content='tesseract 3.04.00' />
  <meta name='ocr-capabilities' content='ocr_page ocr_carea ocr_par ocr_line ocrx_word'/>
</head>
<body>
  <div class='ocr_page' id='page_1' title='image "ahandbooklatinp00marogoog_0035.png"; bbox 0 0 2610 4926; ppageno 0'>
   <div class='ocr_carea' id='block_1_1' title="bbox 663 322 667 329">
    <p class='ocr_par' dir='ltr' id='par_1_1' title="bbox 663 322 667 329">
     <span class='ocr_line' id='line_1_1' title="bbox 663 322 667 329; baseline 0 0"><span class='ocrx_word' id='word_1_1' title='bbox 663 322 667 329; x_wconf 75' lang='grc' dir='ltr'><strong><em>ι</em></strong></span> 
     </span>
    </p>
   </div>
   <div class='ocr_carea' id='block_1_2' title="bbox 253 728 893 773">
    <p class='ocr_par' dir='ltr' id='par_1_2' title="bbox 253 728 893 773">
     <span class='ocr_line' id='line_1_2' title="bbox 253 728 893 773; baseline 0.003 -2"><span class='ocrx_word' id='word_1_2' title='bbox 253 731 292 771; x_wconf 80' lang='lat'>20</span> <span class='ocrx_word' id='word_1_3' title='bbox 587 728 613 773; x_wconf 86' lang='lat' dir='ltr'>P.</span> <span class='ocrx_word' id='word_1_4' title='bbox 636 728 736 772; x_wconf 84' lang='lat' dir='ltr'>OVIDll</span> <span class='ocrx_word' id='word_1_5' title='bbox 758 728 893 773; x_wconf 78' lang='lat' dir='ltr'>NASONIS</span> 
     </span>
    </p>
   </div>
   <div class='ocr_carea' id='block_1_3' title="bbox 250 871 1251 2440">
    <p class='ocr_par' dir='ltr' id='par_1_3' title="bbox 250 871 1251 2440">
     <span class='ocr_line' id='line_1_3' title="bbox 292 871 1230 948; baseline 0.005 -16"><span class='ocrx_word' id='word_1_6' title='bbox 292 875 322 932; x_wconf 93' lang='lat' dir='ltr'>N</span> <span class='ocrx_word' id='word_1_7' title='bbox 324 892 359 933; x_wconf 93' lang='lat' dir='ltr'>ec</span> <span class='ocrx_word' id='word_1_8' title='bbox 373 871 471 935; x_wconf 86' lang='lat' dir='ltr'>minus</span> <span class='ocrx_word' id='word_1_9' title='bbox 486 872 633 934; x_wconf 86' lang='lat' dir='ltr'>Heliades</span> <span class='ocrx_word' id='word_1_10' title='bbox 646 873 734 934; x_wconf 91' lang='lat' dir='ltr'>fletus</span> <span class='ocrx_word' id='word_1_11' title='bbox 748 885 786 948; x_wconf 93' lang='lat' dir='ltr'>et,</span> <span class='ocrx_word' id='word_1_12' title='bbox 802 873 903 934; x_wconf 89' lang='lat' dir='ltr'>inania</span> <span class='ocrx_word' id='word_1_13' title='bbox 915 874 1004 936; x_wconf 87' lang='lat' dir='ltr'>morti</span> <span class='ocrx_word' id='word_1_14' title='bbox 1192 905 1230 944; x_wconf 56' lang='grc' dir='ltr'>κο</span> 
     </span>
     <span class='ocr_line' id='line_1_4' title="bbox 251 967 1056 1045; baseline 0.004 -19"><span class='ocrx_word' id='word_1_15' title='bbox 251 967 387 1039; x_wconf 87' lang='lat' dir='ltr'>Munera,</span> <span class='ocrx_word' id='word_1_16' title='bbox 405 967 479 1026; x_wconf 90' lang='lat' dir='ltr'>dant</span> <span class='ocrx_word' id='word_1_17' title='bbox 493 967 636 1041; x_wconf 82' lang='lat' dir='ltr'>lacrimas,</span> <span class='ocrx_word' id='word_1_18' title='bbox 651 978 681 1027; x_wconf 90' lang='lat' dir='ltr'>et</span> <span class='ocrx_word' id='word_1_19' title='bbox 695 986 800 1028; x_wconf 87' lang='lat' dir='ltr'>caesae</span> <span class='ocrx_word' id='word_1_20' title='bbox 816 979 936 1045; x_wconf 83' lang='lat' dir='ltr'>pectora</span> <span class='ocrx_word' id='word_1_21' title='bbox 949 967 1056 1045; x_wconf 87' lang='lat' dir='ltr'>palmis</span> 
     </span>
     <span class='ocr_line' id='line_1_5' title="bbox 252 1059 993 1137; baseline 0.005 -20"><span class='ocrx_word' id='word_1_22' title='bbox 252 1060 323 1118; x_wconf 92' lang='lat' dir='ltr'>Non</span> <span class='ocrx_word' id='word_1_23' title='bbox 338 1059 505 1119; x_wconf 90' lang='lat' dir='ltr'>auditurum</span> <span class='ocrx_word' id='word_1_24' title='bbox 520 1059 641 1121; x_wconf 85' lang='lat' dir='ltr'>miseras</span> <span class='ocrx_word' id='word_1_25' title='bbox 657 1061 845 1120; x_wconf 83' lang='lat' dir='ltr'>Pha&#39;e&#39;thonta</span> <span class='ocrx_word' id='word_1_26' title='bbox 859 1062 993 1137; x_wconf 81' lang='lat' dir='ltr'>querelas</span> 
     </span>
     <span class='ocr_line' id='line_1_6' title="bbox 252 1151 1050 1237; baseline 0.006 -27"><span class='ocrx_word' id='word_1_27' title='bbox 252 1153 350 1237; x_wconf 91' lang='lat' dir='ltr'>Nocte</span> <span class='ocrx_word' id='word_1_28' title='bbox 366 1151 475 1229; x_wconf 91' lang='lat' dir='ltr'>dieque</span> <span class='ocrx_word' id='word_1_29' title='bbox 488 1165 606 1226; x_wconf 86' lang='lat' dir='ltr'>vocant,</span> <span class='ocrx_word' id='word_1_30' title='bbox 622 1154 890 1230; x_wconf 82' lang='lat' dir='ltr'>adsternunturque</span> <span class='ocrx_word' id='word_1_31' title='bbox 905 1155 1050 1231; x_wconf 89' lang='lat' dir='ltr'>sepulcro.</span> 
     </span>
     <span class='ocr_line' id='line_1_7' title="bbox 251 1245 1020 1323; baseline 0.007 -20"><span class='ocrx_word' id='word_1_32' title='bbox 251 1245 338 1304; x_wconf 90' lang='lat' dir='ltr'>Luna</span> <span class='ocrx_word' id='word_1_33' title='bbox 351 1257 456 1322; x_wconf 88' lang='lat' dir='ltr'>quater</span> <span class='ocrx_word' id='word_1_34' title='bbox 466 1246 578 1321; x_wconf 90' lang='lat' dir='ltr'>junctis</span> <span class='ocrx_word' id='word_1_35' title='bbox 591 1245 729 1323; x_wconf 87' lang='lat' dir='ltr'>implerat</span> <span class='ocrx_word' id='word_1_36' title='bbox 743 1246 882 1307; x_wconf 89' lang='lat' dir='ltr'>comibus</span> <span class='ocrx_word' id='word_1_37' title='bbox 896 1249 1020 1309; x_wconf 89' lang='lat' dir='ltr'>orbem:</span> 
     </span>
     <span class='ocr_line' id='line_1_8' title="bbox 251 1339 1251 1412; baseline 0.007 -16"><span class='ocrx_word' id='word_1_38' title='bbox 251 1339 327 1398; x_wconf 89' lang='lat' dir='ltr'>Illae</span> <span class='ocrx_word' id='word_1_39' title='bbox 341 1358 424 1399; x_wconf 90' lang='lat' dir='ltr'>more</span> <span class='ocrx_word' id='word_1_40' title='bbox 439 1358 622 1401; x_wconf 84' lang='lat' dir='ltr'>suo—nam</span> <span class='ocrx_word' id='word_1_41' title='bbox 636 1359 750 1407; x_wconf 89' lang='lat' dir='ltr'>morem</span> <span class='ocrx_word' id='word_1_42' title='bbox 764 1341 1008 1401; x_wconf 79' lang='lat' dir='ltr'>ieceratusus—</span> <span class='ocrx_word' id='word_1_43' title='bbox 1192 1365 1251 1412; x_wconf 58' lang='grc' dir='ltr'>μς·</span> 
     </span>
     <span class='ocr_line' id='line_1_9' title="bbox 251 1432 1090 1510; baseline 0.007 -21"><span class='ocrx_word' id='word_1_44' title='bbox 251 1432 427 1508; x_wconf 89' lang='lat' dir='ltr'>Plangorem</span> <span class='ocrx_word' id='word_1_45' title='bbox 443 1433 594 1509; x_wconf 80' lang='lat' dir='ltr'>dederant.</span> <span class='ocrx_word' id='word_1_46' title='bbox 638 1433 745 1510; x_wconf 88' lang='lat' dir='ltr'>Equis</span> <span class='ocrx_word' id='word_1_47' title='bbox 760 1434 938 1508; x_wconf 70' lang='lat' dir='ltr'>Phaethusa,</span> <span class='ocrx_word' id='word_1_48' title='bbox 954 1453 1090 1495; x_wconf 87' lang='lat' dir='ltr'>sororum</span> 
     </span>
     <span class='ocr_line' id='line_1_10' title="bbox 251 1524 1109 1604; baseline 0.008 -22"><span class='ocrx_word' id='word_1_49' title='bbox 251 1524 393 1598; x_wconf 88' lang='lat' dir='ltr'>Maxima,</span> <span class='ocrx_word' id='word_1_50' title='bbox 407 1544 498 1601; x_wconf 90' lang='lat' dir='ltr'>quum</span> <span class='ocrx_word' id='word_1_51' title='bbox 512 1527 602 1587; x_wconf 90' lang='lat' dir='ltr'>vellet</span> <span class='ocrx_word' id='word_1_52' title='bbox 616 1536 709 1587; x_wconf 86' lang='lat' dir='ltr'>terrae</span> <span class='ocrx_word' id='word_1_53' title='bbox 723 1528 927 1604; x_wconf 88' lang='lat' dir='ltr'>procumbere,</span> <span class='ocrx_word' id='word_1_54' title='bbox 943 1538 1048 1604; x_wconf 81' lang='lat' dir='ltr'>questa</span> <span class='ocrx_word' id='word_1_55' title='bbox 1062 1537 1109 1590; x_wconf 87' lang='lat' dir='ltr'>est</span> 
     </span>
     <span class='ocr_line' id='line_1_11' title="bbox 252 1616 942 1697; baseline 0.007 -22"><span class='ocrx_word' id='word_1_56' title='bbox 252 1616 415 1694; x_wconf 89' lang='lat' dir='ltr'>Diriguisse</span> <span class='ocrx_word' id='word_1_57' title='bbox 429 1619 541 1695; x_wconf 89' lang='lat' dir='ltr'>pedes;</span> <span class='ocrx_word' id='word_1_58' title='bbox 562 1620 601 1679; x_wconf 91' lang='lat' dir='ltr'>ad</span> <span class='ocrx_word' id='word_1_59' title='bbox 615 1639 706 1697; x_wconf 89' lang='lat' dir='ltr'>quam</span> <span class='ocrx_word' id='word_1_60' title='bbox 720 1631 830 1680; x_wconf 86' lang='lat' dir='ltr'>conata</span> <span class='ocrx_word' id='word_1_61' title='bbox 842 1620 942 1680; x_wconf 86' lang='lat' dir='ltr'>venire</span> 
     </span>
     <span class='ocr_line' id='line_1_12' title="bbox 251 1710 1003 1790; baseline 0.005 -19"><span class='ocrx_word' id='word_1_62' title='bbox 251 1710 390 1771; x_wconf 90' lang='lat' dir='ltr'>Candida</span> <span class='ocrx_word' id='word_1_63' title='bbox 404 1712 568 1789; x_wconf 86' lang='lat' dir='ltr'>Lampetie,</span> <span class='ocrx_word' id='word_1_64' title='bbox 583 1713 682 1773; x_wconf 88' lang='lat' dir='ltr'>subita</span> <span class='ocrx_word' id='word_1_65' title='bbox 695 1713 794 1774; x_wconf 88' lang='lat' dir='ltr'>radice</span> <span class='ocrx_word' id='word_1_66' title='bbox 809 1724 924 1774; x_wconf 88' lang='lat' dir='ltr'>retenta</span> <span class='ocrx_word' id='word_1_67' title='bbox 937 1724 1003 1790; x_wconf 87' lang='lat' dir='ltr'>est;</span> 
     </span>
     <span class='ocr_line' id='line_1_13' title="bbox 250 1803 1231 1882; baseline 0.009 -21"><span class='ocrx_word' id='word_1_68' title='bbox 250 1803 360 1877; x_wconf 87' lang='lat' dir='ltr'>Tertia,</span> <span class='ocrx_word' id='word_1_69' title='bbox 376 1824 468 1880; x_wconf 90' lang='lat' dir='ltr'>quum</span> <span class='ocrx_word' id='word_1_70' title='bbox 482 1805 593 1866; x_wconf 86' lang='lat' dir='ltr'>crinem</span> <span class='ocrx_word' id='word_1_71' title='bbox 607 1806 745 1867; x_wconf 88' lang='lat' dir='ltr'>manibus</span> <span class='ocrx_word' id='word_1_72' title='bbox 759 1807 870 1866; x_wconf 88' lang='lat' dir='ltr'>laniare</span> <span class='ocrx_word' id='word_1_73' title='bbox 884 1817 1009 1882; x_wconf 86' lang='lat' dir='ltr'>pararet,</span> <span class='ocrx_word' id='word_1_74' title='bbox 1131 1838 1134 1844; x_wconf 55' lang='lat'><strong><em>¹</em></strong></span> <span class='ocrx_word' id='word_1_75' title='bbox 1193 1838 1231 1876; x_wconf 68' lang='lat' dir='ltr'>aso</span> 
     </span>
     <span class='ocr_line' id='line_1_14' title="bbox 251 1896 939 1978; baseline 0.01 -25"><span class='ocrx_word' id='word_1_76' title='bbox 251 1896 362 1956; x_wconf 84' lang='lat' dir='ltr'>Avellit</span> <span class='ocrx_word' id='word_1_77' title='bbox 376 1899 516 1974; x_wconf 82' lang='lat' dir='ltr'>frondes3</span> <span class='ocrx_word' id='word_1_78' title='bbox 535 1900 611 1960; x_wconf 87' lang='lat' dir='ltr'>haec</span> <span class='ocrx_word' id='word_1_79' title='bbox 625 1899 724 1978; x_wconf 91' lang='lat' dir='ltr'>stipite</span> <span class='ocrx_word' id='word_1_80' title='bbox 739 1919 823 1961; x_wconf 86' lang='lat' dir='ltr'>crura</span> <span class='ocrx_word' id='word_1_81' title='bbox 837 1900 939 1974; x_wconf 87' lang='lat' dir='ltr'>teneri,</span> 
     </span>
     <span class='ocr_line' id='line_1_15' title="bbox 251 1989 925 2070; baseline 0.009 -23"><span class='ocrx_word' id='word_1_82' title='bbox 251 1989 308 2048; x_wconf 87' lang='lat' dir='ltr'>llla</span> <span class='ocrx_word' id='word_1_83' title='bbox 322 1990 405 2050; x_wconf 89' lang='lat' dir='ltr'>dolet</span> <span class='ocrx_word' id='word_1_84' title='bbox 419 1992 482 2052; x_wconf 88' lang='lat' dir='ltr'>fieri</span> <span class='ocrx_word' id='word_1_85' title='bbox 496 1994 602 2070; x_wconf 85' lang='lat' dir='ltr'>longos</span> <span class='ocrx_word' id='word_1_86' title='bbox 616 2013 669 2054; x_wconf 87' lang='lat' dir='ltr'>sua</span> <span class='ocrx_word' id='word_1_87' title='bbox 683 1994 805 2054; x_wconf 83' lang='lat' dir='ltr'>brachia</span> <span class='ocrx_word' id='word_1_88' title='bbox 818 2012 925 2053; x_wconf 83' lang='lat' dir='ltr'>ramos</span> 
     </span>
     <span class='ocr_line' id='line_1_16' title="bbox 252 2083 1088 2162; baseline 0.008 -22"><span class='ocrx_word' id='word_1_89' title='bbox 252 2083 393 2159; x_wconf 88' lang='lat' dir='ltr'>Dumque</span> <span class='ocrx_word' id='word_1_90' title='bbox 408 2104 443 2144; x_wconf 87' lang='lat' dir='ltr'>ea</span> <span class='ocrx_word' id='word_1_91' title='bbox 457 2085 606 2160; x_wconf 89' lang='lat' dir='ltr'>mirantur,</span> <span class='ocrx_word' id='word_1_92' title='bbox 622 2085 830 2162; x_wconf 89' lang='lat' dir='ltr'>complectitur</span> <span class='ocrx_word' id='word_1_93' title='bbox 843 2085 964 2162; x_wconf 86' lang='lat' dir='ltr'>inguina</span> <span class='ocrx_word' id='word_1_94' title='bbox 978 2097 1088 2160; x_wconf 81' lang='lat' dir='ltr'>cortex,</span> 
     </span>
     <span class='ocr_line' id='line_1_17' title="bbox 252 2176 1193 2258; baseline 0.007 -23"><span class='ocrx_word' id='word_1_95' title='bbox 252 2176 367 2253; x_wconf 90' lang='lat' dir='ltr'>Perque</span> <span class='ocrx_word' id='word_1_96' title='bbox 381 2179 490 2255; x_wconf 87' lang='lat' dir='ltr'>gradus</span> <span class='ocrx_word' id='word_1_97' title='bbox 504 2190 620 2239; x_wconf 89' lang='lat' dir='ltr'>uterum</span> <span class='ocrx_word' id='word_1_98' title='bbox 634 2190 799 2255; x_wconf 87' lang='lat' dir='ltr'>pectusque</span> <span class='ocrx_word' id='word_1_99' title='bbox 813 2179 1013 2254; x_wconf 89' lang='lat' dir='ltr'>humerosque</span> <span class='ocrx_word' id='word_1_100' title='bbox 1028 2199 1193 2258; x_wconf 85' lang='lat' dir='ltr'>manusque</span> 
     </span>
     <span class='ocr_line' id='line_1_18' title="bbox 251 2270 1230 2343; baseline 0.004 -14"><span class='ocrx_word' id='word_1_101' title='bbox 251 2270 364 2343; x_wconf 85' lang='lat' dir='ltr'>Ambit,</span> <span class='ocrx_word' id='word_1_102' title='bbox 380 2282 410 2331; x_wconf 91' lang='lat' dir='ltr'>et</span> <span class='ocrx_word' id='word_1_103' title='bbox 424 2274 580 2332; x_wconf 85' lang='lat' dir='ltr'>exstabant</span> <span class='ocrx_word' id='word_1_104' title='bbox 594 2282 710 2332; x_wconf 88' lang='lat' dir='ltr'>tantum</span> <span class='ocrx_word' id='word_1_105' title='bbox 724 2290 776 2331; x_wconf 88' lang='lat' dir='ltr'>ora</span> <span class='ocrx_word' id='word_1_106' title='bbox 790 2270 929 2330; x_wconf 87' lang='lat' dir='ltr'>vocantia</span> <span class='ocrx_word' id='word_1_107' title='bbox 942 2282 1074 2332; x_wconf 83' lang='lat' dir='ltr'>matrem</span> <span class='ocrx_word' id='word_1_108' title='bbox 1191 2303 1230 2342; x_wconf 66' lang='lat'>235</span> 
     </span>
     <span class='ocr_line' id='line_1_19' title="bbox 252 2360 1066 2440; baseline 0.001 -17"><span class='ocrx_word' id='word_1_109' title='bbox 252 2364 334 2440; x_wconf 91' lang='lat' dir='ltr'>Quid</span> <span class='ocrx_word' id='word_1_110' title='bbox 349 2364 437 2424; x_wconf 84' lang='lat' dir='ltr'>saciat</span> <span class='ocrx_word' id='word_1_111' title='bbox 451 2374 552 2438; x_wconf 85' lang='lat' dir='ltr'>mater,</span> <span class='ocrx_word' id='word_1_112' title='bbox 568 2364 633 2438; x_wconf 85' lang='lat' dir='ltr'>nisi,</span> <span class='ocrx_word' id='word_1_113' title='bbox 650 2383 710 2440; x_wconf 91' lang='lat' dir='ltr'>quo</span> <span class='ocrx_word' id='word_1_114' title='bbox 724 2365 821 2424; x_wconf 89' lang='lat' dir='ltr'>trahat</span> <span class='ocrx_word' id='word_1_115' title='bbox 834 2360 963 2440; x_wconf 90' lang='lat' dir='ltr'>impetus</span> <span class='ocrx_word' id='word_1_116' title='bbox 977 2364 1066 2438; x_wconf 89' lang='lat' dir='ltr'>illam,</span> 
     </span>
    </p>
   </div>
   <div class='ocr_carea' id='block_1_4' title="bbox 217 2453 1229 2817">
    <p class='ocr_par' dir='ltr' id='par_1_4' title="bbox 217 2453 1229 2817">
     <span class='ocr_line' id='line_1_20' title="bbox 217 2453 1075 2534; baseline 0.002 -18"><span class='ocrx_word' id='word_1_117' title='bbox 217 2453 220 2460; x_wconf 84' lang='grc'><strong>’</strong></span> <span class='ocrx_word' id='word_1_118' title='bbox 246 2459 325 2519; x_wconf 68' lang='lat' dir='ltr'>‘Huc</span> <span class='ocrx_word' id='word_1_119' title='bbox 339 2469 387 2517; x_wconf 91' lang='lat' dir='ltr'>eat</span> <span class='ocrx_word' id='word_1_120' title='bbox 402 2469 490 2534; x_wconf 90' lang='lat' dir='ltr'>atque</span> <span class='ocrx_word' id='word_1_121' title='bbox 505 2457 584 2530; x_wconf 91' lang='lat' dir='ltr'>illuc,</span> <span class='ocrx_word' id='word_1_122' title='bbox 600 2469 638 2530; x_wconf 91' lang='lat' dir='ltr'>et,</span> <span class='ocrx_word' id='word_1_123' title='bbox 654 2459 725 2517; x_wconf 90' lang='lat' dir='ltr'>dum</span> <span class='ocrx_word' id='word_1_124' title='bbox 740 2457 818 2531; x_wconf 89' lang='lat' dir='ltr'>licet,</span> <span class='ocrx_word' id='word_1_125' title='bbox 834 2458 937 2516; x_wconf 87' lang='lat' dir='ltr'>oscula</span> <span class='ocrx_word' id='word_1_126' title='bbox 949 2459 1075 2534; x_wconf 87' lang='lat' dir='ltr'>jungat?</span> 
     </span>
     <span class='ocr_line' id='line_1_21' title="bbox 252 2551 1007 2626; baseline 0 -16"><span class='ocrx_word' id='word_1_127' title='bbox 252 2554 322 2612; x_wconf 93' lang='lat' dir='ltr'>Non</span> <span class='ocrx_word' id='word_1_128' title='bbox 338 2552 409 2611; x_wconf 90' lang='lat' dir='ltr'>satis</span> <span class='ocrx_word' id='word_1_129' title='bbox 423 2563 468 2611; x_wconf 91' lang='lat' dir='ltr'>est</span> <span class='ocrx_word' id='word_1_130' title='bbox 480 2575 486 2611; x_wconf 93' lang='lat'>:</span> <span class='ocrx_word' id='word_1_131' title='bbox 507 2551 618 2610; x_wconf 92' lang='lat' dir='ltr'>truncis</span> <span class='ocrx_word' id='word_1_132' title='bbox 633 2552 759 2610; x_wconf 88' lang='lat' dir='ltr'>avellere</span> <span class='ocrx_word' id='word_1_133' title='bbox 773 2569 899 2626; x_wconf 87' lang='lat' dir='ltr'>corpora</span> <span class='ocrx_word' id='word_1_134' title='bbox 912 2561 1007 2610; x_wconf 91' lang='lat' dir='ltr'>tentat</span> 
     </span>
     <span class='ocr_line' id='line_1_22' title="bbox 251 2643 1004 2720; baseline -0.003 -16"><span class='ocrx_word' id='word_1_135' title='bbox 251 2647 290 2705; x_wconf 90' lang='lat' dir='ltr'>Et</span> <span class='ocrx_word' id='word_1_136' title='bbox 306 2658 424 2706; x_wconf 87' lang='lat' dir='ltr'>teneros</span> <span class='ocrx_word' id='word_1_137' title='bbox 438 2645 575 2705; x_wconf 87' lang='lat' dir='ltr'>manibus</span> <span class='ocrx_word' id='word_1_138' title='bbox 588 2662 686 2703; x_wconf 89' lang='lat' dir='ltr'>ramos</span> <span class='ocrx_word' id='word_1_139' title='bbox 700 2643 869 2720; x_wconf 76' lang='lat' dir='ltr'>abrumpit,</span> <span class='ocrx_word' id='word_1_140' title='bbox 889 2654 920 2703; x_wconf 92' lang='lat' dir='ltr'>at</span> <span class='ocrx_word' id='word_1_141' title='bbox 934 2643 1004 2703; x_wconf 91' lang='lat' dir='ltr'>inde</span> 
     </span>
     <span class='ocr_line' id='line_1_23' title="bbox 251 2737 1229 2817; baseline -0.002 -19"><span class='ocrx_word' id='word_1_142' title='bbox 251 2741 437 2817; x_wconf 88' lang='lat' dir='ltr'>Sanguineae</span> <span class='ocrx_word' id='word_1_143' title='bbox 452 2749 575 2799; x_wconf 87' lang='lat' dir='ltr'>manant</span> <span class='ocrx_word' id='word_1_144' title='bbox 589 2747 730 2813; x_wconf 89' lang='lat' dir='ltr'>tanquam</span> <span class='ocrx_word' id='word_1_145' title='bbox 745 2737 784 2797; x_wconf 92' lang='lat' dir='ltr'>de</span> <span class='ocrx_word' id='word_1_146' title='bbox 798 2738 918 2796; x_wconf 88' lang='lat' dir='ltr'>vulnere</span> <span class='ocrx_word' id='word_1_147' title='bbox 932 2748 1041 2813; x_wconf 87' lang='lat' dir='ltr'>guttae.</span> <span class='ocrx_word' id='word_1_148' title='bbox 1191 2756 1229 2806; x_wconf 67' lang='grc' dir='ltr'>,ω</span> 
     </span>
    </p>
   </div>
   <div class='ocr_carea' id='block_1_5' title="bbox 248 2830 1230 4212">
    <p class='ocr_par' dir='ltr' id='par_1_5' title="bbox 248 2830 1118 3096">
     <span class='ocr_line' id='line_1_24' title="bbox 252 2830 1118 2910; baseline -0.001 -19"><span class='ocrx_word' id='word_1_149' title='bbox 252 2833 352 2906; x_wconf 83' lang='lat' dir='ltr'>Parce,</span> <span class='ocrx_word' id='word_1_150' title='bbox 369 2853 481 2910; x_wconf 89' lang='lat' dir='ltr'>precor,</span> <span class='ocrx_word' id='word_1_151' title='bbox 498 2843 601 2905; x_wconf 88' lang='lat' dir='ltr'>mater,</span> <span class='ocrx_word' id='word_1_152' title='bbox 617 2849 812 2907; x_wconf 90' lang='lat' dir='ltr'>quaecunque</span> <span class='ocrx_word' id='word_1_153' title='bbox 827 2841 873 2890; x_wconf 89' lang='lat' dir='ltr'>est</span> <span class='ocrx_word' id='word_1_154' title='bbox 888 2830 989 2889; x_wconf 87' lang='lat' dir='ltr'>saucia</span> <span class='ocrx_word' id='word_1_155' title='bbox 1002 2831 1118 2904; x_wconf 85' lang='lat' dir='ltr'>clamat,</span> 
     </span>
     <span class='ocr_line' id='line_1_25' title="bbox 251 2920 1098 3004; baseline 0 -21"><span class='ocrx_word' id='word_1_156' title='bbox 251 2927 352 2998; x_wconf 88' lang='lat' dir='ltr'>Parce,</span> <span class='ocrx_word' id='word_1_157' title='bbox 368 2947 491 3004; x_wconf 89' lang='lat' dir='ltr'>precor:</span> <span class='ocrx_word' id='word_1_158' title='bbox 512 2936 647 2987; x_wconf 86' lang='lat' dir='ltr'>nostrum</span> <span class='ocrx_word' id='word_1_159' title='bbox 662 2926 805 2984; x_wconf 88' lang='lat' dir='ltr'>laceratur</span> <span class='ocrx_word' id='word_1_160' title='bbox 818 2924 848 2983; x_wconf 92' lang='lat' dir='ltr'>in</span> <span class='ocrx_word' id='word_1_161' title='bbox 864 2925 968 2983; x_wconf 86' lang='lat' dir='ltr'>arbore</span> <span class='ocrx_word' id='word_1_162' title='bbox 982 2920 1098 3000; x_wconf 88' lang='lat' dir='ltr'>c&#39;orpus.</span> 
     </span>
     <span class='ocr_line' id='line_1_26' title="bbox 248 3016 1066 3096; baseline -0.001 -19"><span class='ocrx_word' id='word_1_163' title='bbox 248 3019 377 3096; x_wconf 90' lang='lat' dir='ltr'>Jamque</span> <span class='ocrx_word' id='word_1_164' title='bbox 391 3021 465 3080; x_wconf 89' lang='lat' dir='ltr'>vale.</span> <span class='ocrx_word' id='word_1_165' title='bbox 476 3054 517 3066; x_wconf 94' lang='lat'>-—</span> <span class='ocrx_word' id='word_1_166' title='bbox 528 3022 640 3082; x_wconf 88' lang='lat' dir='ltr'>Cortex</span> <span class='ocrx_word' id='word_1_167' title='bbox 653 3018 684 3077; x_wconf 93' lang='lat' dir='ltr'>in</span> <span class='ocrx_word' id='word_1_168' title='bbox 698 3019 788 3077; x_wconf 88' lang='lat' dir='ltr'>verba</span> <span class='ocrx_word' id='word_1_169' title='bbox 802 3016 964 3077; x_wconf 83' lang='lat' dir='ltr'>novissima</span> <span class='ocrx_word' id='word_1_170' title='bbox 976 3016 1066 3076; x_wconf 85' lang='lat' dir='ltr'>venit</span> 
     </span>
    </p>

    <p class='ocr_par' dir='ltr' id='par_1_6' title="bbox 250 3110 1023 3189">
     <span class='ocr_line' id='line_1_27' title="bbox 250 3110 1023 3189; baseline 0 -19"><span class='ocrx_word' id='word_1_171' title='bbox 250 3114 328 3171; x_wconf 90' lang='lat' dir='ltr'>Inde</span> <span class='ocrx_word' id='word_1_172' title='bbox 342 3112 437 3174; x_wconf 89' lang='lat' dir='ltr'>fluunt</span> <span class='ocrx_word' id='word_1_173' title='bbox 451 3113 597 3186; x_wconf 86' lang='lat' dir='ltr'>lacrimae,</span> <span class='ocrx_word' id='word_1_174' title='bbox 613 3113 783 3189; x_wconf 88' lang='lat' dir='ltr'>stillataque</span> <span class='ocrx_word' id='word_1_175' title='bbox 797 3112 861 3171; x_wconf 91' lang='lat' dir='ltr'>sole</span> <span class='ocrx_word' id='word_1_176' title='bbox 875 3110 1023 3186; x_wconf 88' lang='lat' dir='ltr'>rigescunt</span> 
     </span>
    </p>

    <p class='ocr_par' dir='ltr' id='par_1_7' title="bbox 251 3193 1229 3378">
     <span class='ocr_line' id='line_1_28' title="bbox 251 3193 1229 3284; baseline 0.001 -21"><span class='ocrx_word' id='word_1_177' title='bbox 251 3193 298 3264; x_wconf 68' lang='lat' dir='ltr'>D‘e</span> <span class='ocrx_word' id='word_1_178' title='bbox 314 3208 402 3265; x_wconf 90' lang='lat' dir='ltr'>ramis</span> <span class='ocrx_word' id='word_1_179' title='bbox 417 3209 526 3267; x_wconf 91' lang='lat' dir='ltr'>electra</span> <span class='ocrx_word' id='word_1_180' title='bbox 539 3207 634 3281; x_wconf 83' lang='lat' dir='ltr'>novis,</span> <span class='ocrx_word' id='word_1_181' title='bbox 651 3226 728 3284; x_wconf 89' lang='lat' dir='ltr'>quae</span> <span class='ocrx_word' id='word_1_182' title='bbox 743 3206 858 3265; x_wconf 90' lang='lat' dir='ltr'>lucidus</span> <span class='ocrx_word' id='word_1_183' title='bbox 873 3202 969 3264; x_wconf 83' lang='lat' dir='ltr'>amnis</span> <span class='ocrx_word' id='word_1_184' title='bbox 1191 3222 1229 3272; x_wconf 74' lang='lat'>³⁶⁵</span> 
     </span>
     <span class='ocr_line' id='line_1_29' title="bbox 251 3296 951 3378; baseline 0 -21"><span class='ocrx_word' id='word_1_185' title='bbox 251 3298 370 3375; x_wconf 81' lang='lat' dir='ltr'>Excipit</span> <span class='ocrx_word' id='word_1_186' title='bbox 386 3311 415 3359; x_wconf 92' lang='lat' dir='ltr'>et</span> <span class='ocrx_word' id='word_1_187' title='bbox 430 3300 552 3360; x_wconf 88' lang='lat' dir='ltr'>nuribus</span> <span class='ocrx_word' id='word_1_188' title='bbox 566 3300 656 3361; x_wconf 89' lang='lat' dir='ltr'>mittit</span> <span class='ocrx_word' id='word_1_189' title='bbox 670 3301 815 3378; x_wconf 89' lang='lat' dir='ltr'>gestanda</span> <span class='ocrx_word' id='word_1_190' title='bbox 829 3296 951 3358; x_wconf 88' lang='lat' dir='ltr'>Latinis.</span> 
     </span>
    </p>

    <p class='ocr_par' dir='ltr' id='par_1_8' title="bbox 260 3392 1058 3471">
     <span class='ocr_line' id='line_1_30' title="bbox 260 3392 1058 3471; baseline -0.003 -21"><span class='ocrx_word' id='word_1_191' title='bbox 260 3435 265 3443; x_wconf 89' lang='lat'>.</span> <span class='ocrx_word' id='word_1_192' title='bbox 292 3392 385 3452; x_wconf 82' lang='lat' dir='ltr'>Affuit</span> <span class='ocrx_word' id='word_1_193' title='bbox 400 3393 468 3452; x_wconf 95' lang='lat' dir='ltr'>huic</span> <span class='ocrx_word' id='word_1_194' title='bbox 483 3405 617 3453; x_wconf 86' lang='lat' dir='ltr'>monstro</span> <span class='ocrx_word' id='word_1_195' title='bbox 631 3395 730 3471; x_wconf 87' lang='lat' dir='ltr'>proles</span> <span class='ocrx_word' id='word_1_196' title='bbox 743 3392 913 3454; x_wconf 87' lang='lat' dir='ltr'>Stheneleia</span> <span class='ocrx_word' id='word_1_197' title='bbox 928 3392 1058 3466; x_wconf 83' lang='lat' dir='ltr'>Cygnus,</span> 
     </span>
    </p>

    <p class='ocr_par' dir='ltr' id='par_1_9' title="bbox 251 3482 1008 3563">
     <span class='ocr_line' id='line_1_31' title="bbox 251 3482 1008 3563; baseline -0.001 -21"><span class='ocrx_word' id='word_1_198' title='bbox 251 3482 311 3558; x_wconf 90' lang='lat' dir='ltr'>Qui</span> <span class='ocrx_word' id='word_1_199' title='bbox 326 3485 378 3544; x_wconf 91' lang='lat' dir='ltr'>tibi</span> <span class='ocrx_word' id='word_1_200' title='bbox 394 3498 528 3545; x_wconf 88' lang='lat' dir='ltr'>materno</span> <span class='ocrx_word' id='word_1_201' title='bbox 543 3486 676 3562; x_wconf 88' lang='lat' dir='ltr'>quamvis</span> <span class='ocrx_word' id='word_1_202' title='bbox 691 3507 709 3546; x_wconf 89' lang='lat' dir='ltr'>a</span> <span class='ocrx_word' id='word_1_203' title='bbox 724 3485 866 3563; x_wconf 89' lang='lat' dir='ltr'>sanguine</span> <span class='ocrx_word' id='word_1_204' title='bbox 879 3487 1008 3560; x_wconf 91' lang='lat' dir='ltr'>junctus,</span> 
     </span>
    </p>

    <p class='ocr_par' dir='ltr' id='par_1_10' title="bbox 251 3573 1230 3840">
     <span class='ocr_line' id='line_1_32' title="bbox 251 3573 1145 3657; baseline 0.001 -23"><span class='ocrx_word' id='word_1_205' title='bbox 251 3579 357 3637; x_wconf 92' lang='lat' dir='ltr'>Mente</span> <span class='ocrx_word' id='word_1_206' title='bbox 372 3588 481 3651; x_wconf 89' lang='lat' dir='ltr'>tamen,</span> <span class='ocrx_word' id='word_1_207' title='bbox 498 3580 663 3653; x_wconf 71' lang='lat' dir='ltr'>Phaethon,</span> <span class='ocrx_word' id='word_1_208' title='bbox 679 3579 800 3657; x_wconf 89' lang='lat' dir='ltr'>propior</span> <span class='ocrx_word' id='word_1_209' title='bbox 813 3578 874 3636; x_wconf 85' lang='lat' dir='ltr'>fuit.</span> <span class='ocrx_word' id='word_1_210' title='bbox 918 3577 975 3635; x_wconf 88' lang='lat' dir='ltr'>llle</span> <span class='ocrx_word' id='word_1_211' title='bbox 989 3573 1145 3635; x_wconf 87' lang='lat' dir='ltr'>relicto-</span> 
     </span>
     <span class='ocr_line' id='line_1_33' title="bbox 251 3669 1230 3748; baseline -0.001 -20"><span class='ocrx_word' id='word_1_212' title='bbox 251 3670 330 3728; x_wconf 91' lang='lat' dir='ltr'>Nam</span> <span class='ocrx_word' id='word_1_213' title='bbox 347 3670 488 3748; x_wconf 87' lang='lat' dir='ltr'>Ligurum</span> <span class='ocrx_word' id='word_1_214' title='bbox 503 3673 631 3748; x_wconf 88' lang='lat' dir='ltr'>pop&#39;ulos</span> <span class='ocrx_word' id='word_1_215' title='bbox 645 3684 675 3733; x_wconf 90' lang='lat' dir='ltr'>et</span> <span class='ocrx_word' id='word_1_216' title='bbox 689 3690 811 3748; x_wconf 90' lang='lat' dir='ltr'>magnas</span> <span class='ocrx_word' id='word_1_217' title='bbox 826 3682 939 3729; x_wconf 85' lang='lat' dir='ltr'>rexerat</span> <span class='ocrx_word' id='word_1_218' title='bbox 953 3669 1092 3727; x_wconf 84' lang='lat' dir='ltr'>urbes-</span> <span class='ocrx_word' id='word_1_219' title='bbox 1193 3699 1230 3737; x_wconf 73' lang='lat'>370</span> 
     </span>
     <span class='ocr_line' id='line_1_34' title="bbox 251 3762 937 3840; baseline 0 -20"><span class='ocrx_word' id='word_1_220' title='bbox 251 3763 383 3839; x_wconf 87' lang='lat' dir='ltr'>Imperio</span> <span class='ocrx_word' id='word_1_221' title='bbox 399 3763 477 3840; x_wconf 88' lang='lat' dir='ltr'>ripas</span> <span class='ocrx_word' id='word_1_222' title='bbox 492 3764 600 3825; x_wconf 88' lang='lat' dir='ltr'>virides</span> <span class='ocrx_word' id='word_1_223' title='bbox 615 3783 795 3839; x_wconf 87' lang='lat' dir='ltr'>amnemque</span> <span class='ocrx_word' id='word_1_224' title='bbox 810 3762 937 3838; x_wconf 90' lang='lat' dir='ltr'>querelis</span> 
     </span>
    </p>

    <p class='ocr_par' dir='ltr' id='par_1_11' title="bbox 252 3854 1062 3934">
     <span class='ocr_line' id='line_1_35' title="bbox 252 3854 1062 3934; baseline 0.002 -21"><span class='ocrx_word' id='word_1_225' title='bbox 252 3855 414 3914; x_wconf 88' lang='lat' dir='ltr'>Eridanum</span> <span class='ocrx_word' id='word_1_226' title='bbox 430 3855 565 3934; x_wconf 88' lang='lat' dir='ltr'>implerat</span> <span class='ocrx_word' id='word_1_227' title='bbox 580 3857 744 3932; x_wconf 89' lang='lat' dir='ltr'>silvamque</span> <span class='ocrx_word' id='word_1_228' title='bbox 759 3854 909 3915; x_wconf 88' lang='lat' dir='ltr'>sororibus</span> <span class='ocrx_word' id='word_1_229' title='bbox 923 3866 1062 3931; x_wconf 71' lang='lat' dir='ltr'>auctam,</span> 
     </span>
    </p>

    <p class='ocr_par' dir='ltr' id='par_1_12' title="bbox 252 3948 1014 4024">
     <span class='ocr_line' id='line_1_36' title="bbox 252 3948 1014 4024; baseline 0.003 -18"><span class='ocrx_word' id='word_1_230' title='bbox 252 3948 353 4021; x_wconf 90' lang='lat' dir='ltr'>Quum</span> <span class='ocrx_word' id='word_1_231' title='bbox 368 3968 426 4008; x_wconf 84' lang='lat' dir='ltr'>vox</span> <span class='ocrx_word' id='word_1_232' title='bbox 440 3961 485 4009; x_wconf 90' lang='lat' dir='ltr'>est</span> <span class='ocrx_word' id='word_1_233' title='bbox 500 3960 621 4010; x_wconf 87' lang='lat' dir='ltr'>tenuata</span> <span class='ocrx_word' id='word_1_234' title='bbox 633 3949 706 4020; x_wconf 88' lang='lat' dir='ltr'>vir0,</span> <span class='ocrx_word' id='word_1_235' title='bbox 721 3967 874 4024; x_wconf 87' lang='lat' dir='ltr'>canaeque</span> <span class='ocrx_word' id='word_1_236' title='bbox 888 3948 1014 4024; x_wconf 86' lang='lat' dir='ltr'>capillos</span> 
     </span>
    </p>

    <p class='ocr_par' dir='ltr' id='par_1_13' title="bbox 253 4040 1047 4119">
     <span class='ocr_line' id='line_1_37' title="bbox 253 4040 1047 4119; baseline 0.005 -22"><span class='ocrx_word' id='word_1_237' title='bbox 253 4040 450 4102; x_wconf 86' lang='lat' dir='ltr'>Dissimulant</span> <span class='ocrx_word' id='word_1_238' title='bbox 464 4044 591 4119; x_wconf 89' lang='lat' dir='ltr'>plumae,</span> <span class='ocrx_word' id='word_1_239' title='bbox 607 4043 777 4117; x_wconf 90' lang='lat' dir='ltr'>collumque</span> <span class='ocrx_word' id='word_1_240' title='bbox 792 4061 810 4100; x_wconf 93' lang='lat' dir='ltr'>a</span> <span class='ocrx_word' id='word_1_241' title='bbox 824 4052 944 4117; x_wconf 90' lang='lat' dir='ltr'>pectore</span> <span class='ocrx_word' id='word_1_242' title='bbox 959 4043 1047 4118; x_wconf 91' lang='lat' dir='ltr'>longe</span> 
     </span>
    </p>

    <p class='ocr_par' dir='ltr' id='par_1_14' title="bbox 253 4133 1230 4212">
     <span class='ocr_line' id='line_1_38' title="bbox 253 4133 1230 4212; baseline 0.004 -22"><span class='ocrx_word' id='word_1_243' title='bbox 253 4133 412 4211; x_wconf 89' lang='lat' dir='ltr'>Porrigitur</span> <span class='ocrx_word' id='word_1_244' title='bbox 427 4135 593 4212; x_wconf 90' lang='lat' dir='ltr'>digitosque</span> <span class='ocrx_word' id='word_1_245' title='bbox 607 4134 678 4211; x_wconf 87' lang='lat' dir='ltr'>ligat</span> <span class='ocrx_word' id='word_1_246' title='bbox 690 4135 829 4209; x_wconf 91' lang='lat' dir='ltr'>junctura</span> <span class='ocrx_word' id='word_1_247' title='bbox 841 4135 990 4207; x_wconf 90' lang='lat' dir='ltr'>rubentes,</span> <span class='ocrx_word' id='word_1_248' title='bbox 1193 4163 1230 4202; x_wconf 73' lang='lat'>³75</span> 
     </span>
    </p>
   </div>
   <div class='ocr_carea' id='block_1_6' title="bbox 0 0 1314 4926">
    <p class='ocr_par' dir='ltr' id='par_1_15' title="bbox 0 0 1314 4926">
     <span class='ocr_line' id='line_1_39' title="bbox 0 0 1314 4926; baseline 0 0"><span class='ocrx_word' id='word_1_249' title='bbox 0 0 1314 4926; x_wconf 95' lang='lat' dir='ltr'> </span> 
     </span>
    </p>
   </div>
  </div>
 </body>
</html>
