<?xml version="1.0" encoding="UTF-8"?>
<!DOCTYPE html PUBLIC "-//W3C//DTD XHTML 1.0 Transitional//EN"
    "http://www.w3.org/TR/xhtml1/DTD/xhtml1-transitional.dtd">
<html xmlns="http://www.w3.org/1999/xhtml" xml:lang="en" lang="en">
 <head>
  <title>
</title>
<meta http-equiv="Content-Type" content="text/html;charset=utf-8" />
  <meta name='ocr-system' content='tesseract 3.04.00' />
  <meta name='ocr-capabilities' content='ocr_page ocr_carea ocr_par ocr_line ocrx_word'/>
</head>
<body>
  <div class='ocr_page' id='page_1' title='image "ahandbooklatinp00marogoog_0088.png"; bbox 0 0 2610 4926; ppageno 0'>
   <div class='ocr_carea' id='block_1_1' title="bbox 473 685 807 732">
    <p class='ocr_par' dir='ltr' id='par_1_1' title="bbox 473 685 807 732">
     <span class='ocr_line' id='line_1_1' title="bbox 473 685 807 732; baseline 0.003 -2"><span class='ocrx_word' id='word_1_1' title='bbox 473 685 635 731; x_wconf 66' lang='lat' dir='ltr'>Bucoucm</span> <span class='ocrx_word' id='word_1_2' title='bbox 678 686 745 730; x_wconf 73' lang='lat' dir='ltr'>ECL-</span> <span class='ocrx_word' id='word_1_3' title='bbox 768 687 807 732; x_wconf 84' lang='lat' dir='ltr'>IV.</span> 
     </span>
    </p>
   </div>
   <div class='ocr_carea' id='block_1_2' title="bbox 159 826 1048 4152">
    <p class='ocr_par' dir='ltr' id='par_1_2' title="bbox 185 826 838 908">
     <span class='ocr_line' id='line_1_2' title="bbox 185 826 838 908; baseline 0.014 -23"><span class='ocrx_word' id='word_1_4' title='bbox 185 826 316 889; x_wconf 82' lang='lat' dir='ltr'>medem</span> <span class='ocrx_word' id='word_1_5' title='bbox 327 830 417 891; x_wconf 82' lang='lat' dir='ltr'>vitam</span> <span class='ocrx_word' id='word_1_6' title='bbox 431 830 560 908; x_wconf 85' lang='lat' dir='ltr'><strong>accipiet</strong></span> <span class='ocrx_word' id='word_1_7' title='bbox 573 831 710 908; x_wconf 84' lang='lat' dir='ltr'>divisque</span> <span class='ocrx_word' id='word_1_8' title='bbox 723 831 838 894; x_wconf 87' lang='lat' dir='ltr'>videbit</span> 
     </span>
    </p>

    <p class='ocr_par' dir='ltr' id='par_1_3' title="bbox 185 922 803 1001">
     <span class='ocr_line' id='line_1_3' title="bbox 185 922 803 1001; baseline 0.013 -23"><span class='ocrx_word' id='word_1_9' title='bbox 185 922 318 983; x_wconf 84' lang='lat' dir='ltr'>Permintos</span> <span class='ocrx_word' id='word_1_10' title='bbox 330 925 438 984; x_wconf 87' lang='lat' dir='ltr'>heroas</span> <span class='ocrx_word' id='word_1_11' title='bbox 451 935 483 983; x_wconf 91' lang='lat' dir='ltr'>et</span> <span class='ocrx_word' id='word_1_12' title='bbox 496 925 561 1001; x_wconf 90' lang='lat' dir='ltr'>ipse</span> <span class='ocrx_word' id='word_1_13' title='bbox 574 925 722 984; x_wconf 85' lang='lat' dir='ltr'>videbitur</span> <span class='ocrx_word' id='word_1_14' title='bbox 735 926 803 999; x_wconf 85' lang='lat' dir='ltr'>illis,</span> 
     </span>
    </p>

    <p class='ocr_par' dir='ltr' id='par_1_4' title="bbox 185 1015 864 1095">
     <span class='ocr_line' id='line_1_4' title="bbox 185 1015 864 1095; baseline 0.013 -24"><span class='ocrx_word' id='word_1_15' title='bbox 185 1015 351 1094; x_wconf 73' lang='lat' dir='ltr'>ramumque</span> <span class='ocrx_word' id='word_1_16' title='bbox 364 1026 450 1095; x_wconf 85' lang='lat' dir='ltr'>reget</span> <span class='ocrx_word' id='word_1_17' title='bbox 464 1016 567 1093; x_wconf 89' lang='lat' dir='ltr'>patriis</span> <span class='ocrx_word' id='word_1_18' title='bbox 581 1018 738 1077; x_wconf 87' lang='lat' dir='ltr'>virtutibus</span> <span class='ocrx_word' id='word_1_19' title='bbox 752 1021 864 1080; x_wconf 88' lang='lat' dir='ltr'>orbem.</span> 
     </span>
    </p>

    <p class='ocr_par' dir='ltr' id='par_1_5' title="bbox 184 1109 854 1187">
     <span class='ocr_line' id='line_1_5' title="bbox 184 1109 854 1187; baseline 0.009 -22"><span class='ocrx_word' id='word_1_20' title='bbox 184 1109 217 1166; x_wconf 80' lang='lat' dir='ltr'>tt</span> <span class='ocrx_word' id='word_1_21' title='bbox 227 1109 269 1168; x_wconf 89' lang='lat' dir='ltr'>tibi</span> <span class='ocrx_word' id='word_1_22' title='bbox 279 1111 376 1187; x_wconf 86' lang='lat' dir='ltr'>prima,</span> <span class='ocrx_word' id='word_1_23' title='bbox 390 1128 474 1187; x_wconf 88' lang='lat' dir='ltr'>puer,</span> <span class='ocrx_word' id='word_1_24' title='bbox 490 1110 572 1169; x_wconf 92' lang='lat' dir='ltr'>nullo</span> <span class='ocrx_word' id='word_1_25' title='bbox 585 1110 759 1170; x_wconf 86' lang='lat' dir='ltr'>munuscula</span> <span class='ocrx_word' id='word_1_26' title='bbox 772 1112 854 1172; x_wconf 91' lang='lat' dir='ltr'>cultu</span> 
     </span>
    </p>

    <p class='ocr_par' dir='ltr' id='par_1_6' title="bbox 185 1199 902 1371">
     <span class='ocr_line' id='line_1_6' title="bbox 185 1199 902 1279; baseline 0.007 -20"><span class='ocrx_word' id='word_1_27' title='bbox 185 1199 292 1261; x_wconf 78' lang='lat' dir='ltr'>Errantes</span> <span class='ocrx_word' id='word_1_28' title='bbox 304 1203 431 1262; x_wconf 79' lang='lat' dir='ltr'>hederas</span> <span class='ocrx_word' id='word_1_29' title='bbox 445 1201 558 1279; x_wconf 90' lang='lat' dir='ltr'>passim</span> <span class='ocrx_word' id='word_1_30' title='bbox 572 1221 639 1261; x_wconf 90' lang='lat' dir='ltr'>cum</span> <span class='ocrx_word' id='word_1_31' title='bbox 653 1204 799 1263; x_wconf 86' lang='lat' dir='ltr'>bacchare</span> <span class='ocrx_word' id='word_1_32' title='bbox 813 1204 902 1264; x_wconf 87' lang='lat' dir='ltr'>tellus</span> 
     </span>
     <span class='ocr_line' id='line_1_7' title="bbox 185 1292 860 1371; baseline 0.009 -22"><span class='ocrx_word' id='word_1_33' title='bbox 185 1292 307 1371; x_wconf 73' lang='lat' dir='ltr'>Mixtaque</span> <span class='ocrx_word' id='word_1_34' title='bbox 320 1294 429 1354; x_wconf 89' lang='lat' dir='ltr'>ridenti</span> <span class='ocrx_word' id='word_1_35' title='bbox 443 1294 593 1354; x_wconf 80' lang='lat' dir='ltr'>colocasia</span> <span class='ocrx_word' id='word_1_36' title='bbox 607 1295 711 1355; x_wconf 85' lang='lat' dir='ltr'>tundet</span> <span class='ocrx_word' id='word_1_37' title='bbox 725 1297 860 1356; x_wconf 82' lang='lat' dir='ltr'><strong>acantho.</strong></span> 
     </span>
    </p>

    <p class='ocr_par' dir='ltr' id='par_1_7' title="bbox 185 1385 902 1466">
     <span class='ocr_line' id='line_1_8' title="bbox 185 1385 902 1466; baseline 0 -18"><span class='ocrx_word' id='word_1_38' title='bbox 185 1385 251 1461; x_wconf 82' lang='lat' dir='ltr'>Ipsae</span> <span class='ocrx_word' id='word_1_39' title='bbox 261 1389 329 1449; x_wconf 83' lang='lat' dir='ltr'>lacte</span> <span class='ocrx_word' id='word_1_40' title='bbox 344 1389 469 1448; x_wconf 91' lang='lat' dir='ltr'>domum</span> <span class='ocrx_word' id='word_1_41' title='bbox 482 1387 611 1447; x_wconf 76' lang='lat' dir='ltr'>reserent</span> <span class='ocrx_word' id='word_1_42' title='bbox 624 1386 755 1447; x_wconf 87' lang='lat' dir='ltr'>distenta</span> <span class='ocrx_word' id='word_1_43' title='bbox 768 1390 902 1466; x_wconf 87' lang='lat' dir='ltr'>capellae</span> 
     </span>
    </p>

    <p class='ocr_par' dir='ltr' id='par_1_8' title="bbox 184 1476 896 1559">
     <span class='ocr_line' id='line_1_9' title="bbox 184 1476 896 1559; baseline 0.001 -19"><span class='ocrx_word' id='word_1_44' title='bbox 184 1476 265 1552; x_wconf 78' lang='lat' dir='ltr'>Ubera,</span> <span class='ocrx_word' id='word_1_45' title='bbox 279 1500 332 1540; x_wconf 90' lang='lat' dir='ltr'>nee</span> <span class='ocrx_word' id='word_1_46' title='bbox 346 1499 474 1559; x_wconf 87' lang='lat' dir='ltr'>magnos</span> <span class='ocrx_word' id='word_1_47' title='bbox 487 1490 622 1539; x_wconf 88' lang='lat' dir='ltr'>metuent</span> <span class='ocrx_word' id='word_1_48' title='bbox 637 1491 770 1539; x_wconf 90' lang='lat' dir='ltr'>armenta</span> <span class='ocrx_word' id='word_1_49' title='bbox 783 1482 896 1541; x_wconf 79' lang='lat' dir='ltr'>leones</span> 
     </span>
    </p>

    <p class='ocr_par' dir='ltr' id='par_1_9' title="bbox 183 1569 844 1646">
     <span class='ocr_line' id='line_1_10' title="bbox 183 1569 844 1646; baseline 0.009 -20"><span class='ocrx_word' id='word_1_50' title='bbox 183 1569 235 1646; x_wconf 86' lang='lat' dir='ltr'>Ipsa</span> <span class='ocrx_word' id='word_1_51' title='bbox 246 1573 290 1632; x_wconf 92' lang='lat' dir='ltr'>tibi</span> <span class='ocrx_word' id='word_1_52' title='bbox 303 1573 433 1633; x_wconf 88' lang='lat' dir='ltr'>blandos</span> <span class='ocrx_word' id='word_1_53' title='bbox 447 1572 573 1631; x_wconf 85' lang='lat' dir='ltr'>fundent</span> <span class='ocrx_word' id='word_1_54' title='bbox 586 1573 734 1631; x_wconf 87' lang='lat' dir='ltr'>cunabula</span> <span class='ocrx_word' id='word_1_55' title='bbox 748 1572 844 1632; x_wconf 88' lang='lat' dir='ltr'>flores.</span> 
     </span>
    </p>

    <p class='ocr_par' dir='ltr' id='par_1_10' title="bbox 183 1661 847 1743">
     <span class='ocr_line' id='line_1_11' title="bbox 183 1661 847 1743; baseline 0.002 -21"><span class='ocrx_word' id='word_1_56' title='bbox 183 1661 278 1725; x_wconf 83' lang='lat' dir='ltr'><strong>Occidet</strong></span> <span class='ocrx_word' id='word_1_57' title='bbox 291 1677 320 1725; x_wconf 90' lang='lat' dir='ltr'>et</span> <span class='ocrx_word' id='word_1_58' title='bbox 334 1684 469 1743; x_wconf 88' lang='lat' dir='ltr'>serpens,</span> <span class='ocrx_word' id='word_1_59' title='bbox 484 1676 514 1724; x_wconf 90' lang='lat' dir='ltr'>et</span> <span class='ocrx_word' id='word_1_60' title='bbox 528 1664 618 1724; x_wconf 77' lang='lat' dir='ltr'>fallax</span> <span class='ocrx_word' id='word_1_61' title='bbox 631 1666 725 1723; x_wconf 90' lang='lat' dir='ltr'>herba</span> <span class='ocrx_word' id='word_1_62' title='bbox 737 1664 847 1725; x_wconf 90' lang='lat' dir='ltr'>veneni</span> 
     </span>
    </p>

    <p class='ocr_par' dir='ltr' id='par_1_11' title="bbox 180 1754 1011 1927">
     <span class='ocr_line' id='line_1_12' title="bbox 182 1754 1011 1836; baseline 0.002 -22"><span class='ocrx_word' id='word_1_63' title='bbox 182 1754 296 1832; x_wconf 87' lang='lat' dir='ltr'>Oco&#39;det;</span> <span class='ocrx_word' id='word_1_64' title='bbox 316 1759 471 1836; x_wconf 80' lang='lat' dir='ltr'>Assyrium</span> <span class='ocrx_word' id='word_1_65' title='bbox 484 1758 573 1834; x_wconf 88' lang='lat' dir='ltr'>vulgo</span> <span class='ocrx_word' id='word_1_66' title='bbox 587 1767 727 1816; x_wconf 88' lang='lat' dir='ltr'>nascetur</span> <span class='ocrx_word' id='word_1_67' title='bbox 740 1775 898 1817; x_wconf 77' lang='lat' dir='ltr'>amomum</span> <span class='ocrx_word' id='word_1_68' title='bbox 1005 1766 1011 1776; x_wconf 85' lang='lat'>’</span> 
     </span>
     <span class='ocr_line' id='line_1_13' title="bbox 180 1847 830 1927; baseline 0.006 -23"><span class='ocrx_word' id='word_1_69' title='bbox 180 1847 210 1906; x_wconf 80' lang='lat' dir='ltr'>tr</span> <span class='ocrx_word' id='word_1_70' title='bbox 219 1849 291 1909; x_wconf 85' lang='lat' dir='ltr'>simul</span> <span class='ocrx_word' id='word_1_71' title='bbox 304 1853 428 1910; x_wconf 87' lang='lat' dir='ltr'>heroum</span> <span class='ocrx_word' id='word_1_72' title='bbox 443 1849 546 1913; x_wconf 86' lang='lat' dir='ltr'>laudes</span> <span class='ocrx_word' id='word_1_73' title='bbox 561 1861 592 1909; x_wconf 88' lang='lat' dir='ltr'>et</span> <span class='ocrx_word' id='word_1_74' title='bbox 606 1850 684 1909; x_wconf 87' lang='lat' dir='ltr'>sacta</span> <span class='ocrx_word' id='word_1_75' title='bbox 697 1849 830 1927; x_wconf 90' lang='lat' dir='ltr'>parentis</span> 
     </span>
    </p>

    <p class='ocr_par' dir='ltr' id='par_1_12' title="bbox 178 1939 948 2113">
     <span class='ocr_line' id='line_1_14' title="bbox 178 1939 948 2022; baseline 0.004 -23"><span class='ocrx_word' id='word_1_76' title='bbox 178 1939 226 2013; x_wconf 82' lang='lat' dir='ltr'>Jam</span> <span class='ocrx_word' id='word_1_77' title='bbox 238 1943 328 2022; x_wconf 86' lang='lat' dir='ltr'>legere</span> <span class='ocrx_word' id='word_1_78' title='bbox 342 1955 373 2003; x_wconf 92' lang='lat' dir='ltr'>et</span> <span class='ocrx_word' id='word_1_79' title='bbox 388 1962 464 2019; x_wconf 89' lang='lat' dir='ltr'>quae</span> <span class='ocrx_word' id='word_1_80' title='bbox 478 1943 518 2002; x_wconf 92' lang='lat' dir='ltr'>sit</span> <span class='ocrx_word' id='word_1_81' title='bbox 530 1943 642 2020; x_wconf 90' lang='lat' dir='ltr'>poteris</span> <span class='ocrx_word' id='word_1_82' title='bbox 658 1959 840 2018; x_wconf 82' lang='lat' dir='ltr'>cognoscere</span> <span class='ocrx_word' id='word_1_83' title='bbox 853 1940 948 2002; x_wconf 88' lang='lat' dir='ltr'>virtus</span> 
     </span>
     <span class='ocr_line' id='line_1_15' title="bbox 179 2032 798 2113; baseline 0.005 -23"><span class='ocrx_word' id='word_1_84' title='bbox 179 2032 243 2093; x_wconf 81' lang='lat' dir='ltr'>Molli</span> <span class='ocrx_word' id='word_1_85' title='bbox 254 2037 394 2113; x_wconf 86' lang='lat' dir='ltr'>paulatim</span> <span class='ocrx_word' id='word_1_86' title='bbox 409 2036 548 2095; x_wconf 82' lang='lat' dir='ltr'>flavescet</span> <span class='ocrx_word' id='word_1_87' title='bbox 561 2054 685 2112; x_wconf 89' lang='lat' dir='ltr'>campus</span> <span class='ocrx_word' id='word_1_88' title='bbox 700 2035 798 2108; x_wconf 90' lang='lat' dir='ltr'>arista,</span> 
     </span>
    </p>

    <p class='ocr_par' dir='ltr' id='par_1_13' title="bbox 177 2124 844 2206">
     <span class='ocr_line' id='line_1_16' title="bbox 177 2124 844 2206; baseline 0.009 -25"><span class='ocrx_word' id='word_1_89' title='bbox 177 2124 332 2206; x_wconf 88' lang='lat' dir='ltr'>Incultisque</span> <span class='ocrx_word' id='word_1_90' title='bbox 347 2129 459 2188; x_wconf 90' lang='lat' dir='ltr'>rubens</span> <span class='ocrx_word' id='word_1_91' title='bbox 472 2128 615 2206; x_wconf 87' lang='lat' dir='ltr'>pendebit</span> <span class='ocrx_word' id='word_1_92' title='bbox 629 2127 764 2187; x_wconf 87' lang='lat' dir='ltr'>sentibus</span> <span class='ocrx_word' id='word_1_93' title='bbox 778 2147 844 2202; x_wconf 88' lang='lat' dir='ltr'>uva,</span> 
     </span>
    </p>

    <p class='ocr_par' dir='ltr' id='par_1_14' title="bbox 177 2215 838 2298">
     <span class='ocr_line' id='line_1_17' title="bbox 177 2215 838 2298; baseline 0.006 -23"><span class='ocrx_word' id='word_1_94' title='bbox 177 2215 291 2281; x_wconf 87' lang='lat' dir='ltr'>Etdurae</span> <span class='ocrx_word' id='word_1_95' title='bbox 305 2241 433 2298; x_wconf 88' lang='lat' dir='ltr'>quercus</span> <span class='ocrx_word' id='word_1_96' title='bbox 449 2221 597 2281; x_wconf 89' lang='lat' dir='ltr'>sudabunt</span> <span class='ocrx_word' id='word_1_97' title='bbox 611 2219 728 2280; x_wconf 91' lang='lat' dir='ltr'>roscida</span> <span class='ocrx_word' id='word_1_98' title='bbox 741 2222 838 2279; x_wconf 86' lang='lat' dir='ltr'>mella</span> 
     </span>
    </p>

    <p class='ocr_par' dir='ltr' id='par_1_15' title="bbox 177 2307 918 2390">
     <span class='ocr_line' id='line_1_18' title="bbox 177 2307 918 2390; baseline 0.009 -25"><span class='ocrx_word' id='word_1_99' title='bbox 177 2307 250 2371; x_wconf 87' lang='lat' dir='ltr'>Pauca</span> <span class='ocrx_word' id='word_1_100' title='bbox 262 2325 361 2373; x_wconf 87' lang='lat' dir='ltr'>tamen</span> <span class='ocrx_word' id='word_1_101' title='bbox 376 2313 518 2372; x_wconf 81' lang='lat' dir='ltr'>suberunt</span> <span class='ocrx_word' id='word_1_102' title='bbox 532 2314 646 2390; x_wconf 80' lang='lat' dir='ltr'>priscae</span> <span class='ocrx_word' id='word_1_103' title='bbox 661 2313 785 2388; x_wconf 86' lang='lat' dir='ltr'>vestigia</span> <span class='ocrx_word' id='word_1_104' title='bbox 799 2312 918 2386; x_wconf 85' lang='lat' dir='ltr'>fraudis,</span> 
     </span>
    </p>

    <p class='ocr_par' dir='ltr' id='par_1_16' title="bbox 174 2400 1040 2579">
     <span class='ocr_line' id='line_1_19' title="bbox 175 2400 1040 2483; baseline 0.007 -20"><span class='ocrx_word' id='word_1_105' title='bbox 175 2400 239 2474; x_wconf 86' lang='lat' dir='ltr'>Quae</span> <span class='ocrx_word' id='word_1_106' title='bbox 251 2419 361 2467; x_wconf 91' lang='lat' dir='ltr'>tentare</span> <span class='ocrx_word' id='word_1_107' title='bbox 376 2407 496 2466; x_wconf 87' lang='lat' dir='ltr'>Thetim</span> <span class='ocrx_word' id='word_1_108' title='bbox 511 2407 632 2479; x_wconf 80' lang='lat' dir='ltr'>ratibus,</span> <span class='ocrx_word' id='word_1_109' title='bbox 648 2425 724 2482; x_wconf 87' lang='lat' dir='ltr'>quae</span> <span class='ocrx_word' id='word_1_110' title='bbox 739 2407 858 2483; x_wconf 87' lang='lat' dir='ltr'>cingere</span> <span class='ocrx_word' id='word_1_111' title='bbox 873 2408 964 2469; x_wconf 85' lang='lat' dir='ltr'>muris</span> <span class='ocrx_word' id='word_1_112' title='bbox 1036 2467 1040 2476; x_wconf 89' lang='grc'>,</span> 
     </span>
     <span class='ocr_line' id='line_1_20' title="bbox 174 2494 902 2579; baseline 0.005 -23"><span class='ocrx_word' id='word_1_113' title='bbox 174 2494 276 2573; x_wconf 86' lang='lat' dir='ltr'>Oppida,</span> <span class='ocrx_word' id='word_1_114' title='bbox 291 2520 367 2577; x_wconf 89' lang='lat' dir='ltr'>quae</span> <span class='ocrx_word' id='word_1_115' title='bbox 384 2501 510 2579; x_wconf 91' lang='lat' dir='ltr'>jubeant</span> <span class='ocrx_word' id='word_1_116' title='bbox 524 2498 619 2558; x_wconf 90' lang='lat' dir='ltr'>telluri</span> <span class='ocrx_word' id='word_1_117' title='bbox 634 2500 779 2558; x_wconf 86' lang='lat' dir='ltr'>infindere</span> <span class='ocrx_word' id='word_1_118' title='bbox 795 2500 902 2560; x_wconf 85' lang='lat' dir='ltr'>sulcos.</span> 
     </span>
    </p>

    <p class='ocr_par' dir='ltr' id='par_1_17' title="bbox 172 2589 957 2759">
     <span class='ocr_line' id='line_1_21' title="bbox 174 2589 957 2671; baseline 0.011 -27"><span class='ocrx_word' id='word_1_119' title='bbox 174 2589 237 2649; x_wconf 77' lang='lat' dir='ltr'>Alter</span> <span class='ocrx_word' id='word_1_120' title='bbox 248 2593 298 2652; x_wconf 90' lang='lat' dir='ltr'>erit</span> <span class='ocrx_word' id='word_1_121' title='bbox 313 2605 376 2653; x_wconf 91' lang='lat' dir='ltr'>tum</span> <span class='ocrx_word' id='word_1_122' title='bbox 391 2594 512 2671; x_wconf 83' lang='lat' dir='ltr'>Tiphys,</span> <span class='ocrx_word' id='word_1_123' title='bbox 529 2594 664 2651; x_wconf 87' lang='lat' dir='ltr'>etaltera</span> <span class='ocrx_word' id='word_1_124' title='bbox 679 2611 755 2669; x_wconf 90' lang='lat' dir='ltr'>quae</span> <span class='ocrx_word' id='word_1_125' title='bbox 770 2594 859 2652; x_wconf 91' lang='lat' dir='ltr'>vehat</span> <span class='ocrx_word' id='word_1_126' title='bbox 874 2595 957 2671; x_wconf 87' lang='lat' dir='ltr'>Argo</span> 
     </span>
     <span class='ocr_line' id='line_1_22' title="bbox 172 2678 845 2759; baseline 0.006 -20"><span class='ocrx_word' id='word_1_127' title='bbox 172 2678 288 2745; x_wconf 85' lang='lat' dir='ltr'>Delectos</span> <span class='ocrx_word' id='word_1_128' title='bbox 301 2688 427 2759; x_wconf 85' lang='lat' dir='ltr'>heroas;</span> <span class='ocrx_word' id='word_1_129' title='bbox 447 2695 533 2745; x_wconf 91' lang='lat' dir='ltr'>erunt</span> <span class='ocrx_word' id='word_1_130' title='bbox 547 2686 635 2744; x_wconf 88' lang='lat' dir='ltr'>etiam</span> <span class='ocrx_word' id='word_1_131' title='bbox 651 2686 744 2744; x_wconf 86' lang='lat' dir='ltr'>altera</span> <span class='ocrx_word' id='word_1_132' title='bbox 758 2685 845 2758; x_wconf 87' lang='lat' dir='ltr'>bella,</span> 
     </span>
    </p>

    <p class='ocr_par' dir='ltr' id='par_1_18' title="bbox 170 2775 997 2949">
     <span class='ocr_line' id='line_1_23' title="bbox 171 2775 997 2854; baseline 0.011 -24"><span class='ocrx_word' id='word_1_133' title='bbox 171 2775 248 2851; x_wconf 82' lang='lat' dir='ltr'>Atque</span> <span class='ocrx_word' id='word_1_134' title='bbox 261 2779 365 2838; x_wconf 91' lang='lat' dir='ltr'>iterum</span> <span class='ocrx_word' id='word_1_135' title='bbox 380 2778 419 2836; x_wconf 92' lang='lat' dir='ltr'>ad</span> <span class='ocrx_word' id='word_1_136' title='bbox 433 2779 555 2852; x_wconf 83' lang='lat' dir='ltr'>Trojam</span> <span class='ocrx_word' id='word_1_137' title='bbox 569 2796 692 2854; x_wconf 85' lang='lat' dir='ltr'>magnus</span> <span class='ocrx_word' id='word_1_138' title='bbox 706 2778 840 2837; x_wconf 87' lang='lat' dir='ltr'>mittetur</span> <span class='ocrx_word' id='word_1_139' title='bbox 853 2779 997 2839; x_wconf 78' lang='lat' dir='ltr'>Achilles</span> 
     </span>
     <span class='ocr_line' id='line_1_24' title="bbox 170 2864 888 2949; baseline 0.011 -27"><span class='ocrx_word' id='word_1_140' title='bbox 170 2864 240 2942; x_wconf 88' lang='lat' dir='ltr'>Hinc,</span> <span class='ocrx_word' id='word_1_141' title='bbox 255 2872 303 2930; x_wconf 91' lang='lat' dir='ltr'>ubi</span> <span class='ocrx_word' id='word_1_142' title='bbox 312 2872 384 2949; x_wconf 87' lang='lat' dir='ltr'>.jam</span> <span class='ocrx_word' id='word_1_143' title='bbox 398 2871 516 2928; x_wconf 85' lang='lat' dir='ltr'>firmata</span> <span class='ocrx_word' id='word_1_144' title='bbox 529 2870 622 2929; x_wconf 85' lang='lat' dir='ltr'>virum</span> <span class='ocrx_word' id='word_1_145' title='bbox 637 2881 666 2929; x_wconf 89' lang='lat' dir='ltr'>te</span> <span class='ocrx_word' id='word_1_146' title='bbox 682 2870 783 2929; x_wconf 82' lang='lat' dir='ltr'>iecerit</span> <span class='ocrx_word' id='word_1_147' title='bbox 797 2881 888 2943; x_wconf 88' lang='lat' dir='ltr'>aetas,</span> 
     </span>
    </p>

    <p class='ocr_par' dir='ltr' id='par_1_19' title="bbox 168 2958 885 3115">
     <span class='ocr_line' id='line_1_25' title="bbox 169 2958 885 3040; baseline 0.008 -24"><span class='ocrx_word' id='word_1_148' title='bbox 169 2958 244 3021; x_wconf 84' lang='lat' dir='ltr'>Cedet</span> <span class='ocrx_word' id='word_1_149' title='bbox 258 2974 286 3022; x_wconf 86' lang='lat' dir='ltr'>et</span> <span class='ocrx_word' id='word_1_150' title='bbox 300 2965 366 3040; x_wconf 89' lang='lat' dir='ltr'>ipse</span> <span class='ocrx_word' id='word_1_151' title='bbox 380 2964 455 3021; x_wconf 87' lang='lat' dir='ltr'>mari</span> <span class='ocrx_word' id='word_1_152' title='bbox 469 2974 579 3034; x_wconf 90' lang='lat' dir='ltr'>vector,</span> <span class='ocrx_word' id='word_1_153' title='bbox 594 2981 651 3021; x_wconf 90' lang='lat' dir='ltr'>nec</span> <span class='ocrx_word' id='word_1_154' title='bbox 666 2964 784 3022; x_wconf 90' lang='lat' dir='ltr'>nautica</span> <span class='ocrx_word' id='word_1_155' title='bbox 797 2964 885 3039; x_wconf 90' lang='lat' dir='ltr'>pinus</span> 
     </span>
     <span class='ocr_line' id='line_1_26' title="bbox 168 3050 852 3115; baseline 0.007 -6"><span class='ocrx_word' id='word_1_156' title='bbox 168 3050 275 3114; x_wconf 84' lang='lat' dir='ltr'>Mutabit</span> <span class='ocrx_word' id='word_1_157' title='bbox 289 3074 405 3115; x_wconf 89' lang='lat' dir='ltr'>merces</span> <span class='ocrx_word' id='word_1_158' title='bbox 419 3079 424 3113; x_wconf 93' lang='lat'>:</span> <span class='ocrx_word' id='word_1_159' title='bbox 445 3055 541 3114; x_wconf 91' lang='lat' dir='ltr'>omnis</span> <span class='ocrx_word' id='word_1_160' title='bbox 557 3056 629 3114; x_wconf 87' lang='lat' dir='ltr'>leret</span> <span class='ocrx_word' id='word_1_161' title='bbox 643 3056 743 3115; x_wconf 92' lang='lat' dir='ltr'>omnia</span> <span class='ocrx_word' id='word_1_162' title='bbox 757 3056 852 3114; x_wconf 90' lang='lat' dir='ltr'>tellus.</span> 
     </span>
    </p>

    <p class='ocr_par' dir='ltr' id='par_1_20' title="bbox 165 3143 945 3405">
     <span class='ocr_line' id='line_1_27' title="bbox 166 3143 929 3225; baseline 0.008 -25"><span class='ocrx_word' id='word_1_163' title='bbox 166 3143 222 3202; x_wconf 87' lang='lat' dir='ltr'>Non</span> <span class='ocrx_word' id='word_1_164' title='bbox 235 3159 341 3207; x_wconf 89' lang='lat' dir='ltr'>rastros</span> <span class='ocrx_word' id='word_1_165' title='bbox 354 3148 482 3225; x_wconf 84' lang='lat' dir='ltr'>patietur</span> <span class='ocrx_word' id='word_1_166' title='bbox 495 3148 610 3220; x_wconf 88' lang='lat' dir='ltr'>humus,</span> <span class='ocrx_word' id='word_1_167' title='bbox 627 3167 686 3207; x_wconf 87' lang='lat' dir='ltr'>non</span> <span class='ocrx_word' id='word_1_168' title='bbox 701 3149 790 3206; x_wconf 89' lang='lat' dir='ltr'>vinea</span> <span class='ocrx_word' id='word_1_169' title='bbox 803 3148 909 3206; x_wconf 77' lang='lat' dir='ltr'>falcem</span> <span class='ocrx_word' id='word_1_170' title='bbox 920 3169 929 3221; x_wconf 91' lang='lat'>;</span> 
     </span>
     <span class='ocr_line' id='line_1_28' title="bbox 165 3235 945 3318; baseline 0.008 -26"><span class='ocrx_word' id='word_1_171' title='bbox 165 3235 299 3299; x_wconf 87' lang='lat' dir='ltr'>Robustus</span> <span class='ocrx_word' id='word_1_172' title='bbox 314 3260 434 3317; x_wconf 91' lang='lat' dir='ltr'>quoque</span> <span class='ocrx_word' id='word_1_173' title='bbox 452 3241 513 3318; x_wconf 90' lang='lat' dir='ltr'>jam</span> <span class='ocrx_word' id='word_1_174' title='bbox 528 3241 617 3299; x_wconf 90' lang='lat' dir='ltr'>tauris</span> <span class='ocrx_word' id='word_1_175' title='bbox 636 3241 707 3318; x_wconf 84' lang='lat' dir='ltr'>juga</span> <span class='ocrx_word' id='word_1_176' title='bbox 718 3241 814 3300; x_wconf 92' lang='lat' dir='ltr'>solvet</span> <span class='ocrx_word' id='word_1_177' title='bbox 827 3250 945 3315; x_wconf 89' lang='lat' dir='ltr'>arator;</span> 
     </span>
     <span class='ocr_line' id='line_1_29' title="bbox 165 3328 787 3405; baseline 0.01 -20"><span class='ocrx_word' id='word_1_178' title='bbox 165 3328 218 3389; x_wconf 88' lang='lat' dir='ltr'>Nee</span> <span class='ocrx_word' id='word_1_179' title='bbox 229 3334 322 3392; x_wconf 84' lang='lat' dir='ltr'>varios</span> <span class='ocrx_word' id='word_1_180' title='bbox 337 3334 433 3393; x_wconf 89' lang='lat' dir='ltr'>discet</span> <span class='ocrx_word' id='word_1_181' title='bbox 447 3333 564 3392; x_wconf 89' lang='lat' dir='ltr'>mentiri</span> <span class='ocrx_word' id='word_1_182' title='bbox 580 3334 648 3391; x_wconf 89' lang='lat' dir='ltr'>lana</span> <span class='ocrx_word' id='word_1_183' title='bbox 661 3333 787 3405; x_wconf 88' lang='lat' dir='ltr'>colores,</span> 
     </span>
    </p>

    <p class='ocr_par' dir='ltr' id='par_1_21' title="bbox 164 3421 844 3503">
     <span class='ocr_line' id='line_1_30' title="bbox 164 3421 844 3503; baseline 0.012 -26"><span class='ocrx_word' id='word_1_184' title='bbox 164 3421 223 3496; x_wconf 85' lang='lat' dir='ltr'>lpse</span> <span class='ocrx_word' id='word_1_185' title='bbox 235 3427 285 3484; x_wconf 87' lang='lat' dir='ltr'>sed</span> <span class='ocrx_word' id='word_1_186' title='bbox 300 3428 330 3484; x_wconf 94' lang='lat' dir='ltr'>in</span> <span class='ocrx_word' id='word_1_187' title='bbox 345 3426 437 3503; x_wconf 89' lang='lat' dir='ltr'>pratis</span> <span class='ocrx_word' id='word_1_188' title='bbox 451 3427 526 3485; x_wconf 91' lang='lat' dir='ltr'>aries</span> <span class='ocrx_word' id='word_1_189' title='bbox 545 3427 606 3501; x_wconf 86' lang='lat' dir='ltr'>jam</span> <span class='ocrx_word' id='word_1_190' title='bbox 621 3445 711 3485; x_wconf 89' lang='lat' dir='ltr'>suave</span> <span class='ocrx_word' id='word_1_191' title='bbox 725 3426 844 3486; x_wconf 91' lang='lat' dir='ltr'>rubenti</span> 
     </span>
    </p>

    <p class='ocr_par' dir='ltr' id='par_1_22' title="bbox 164 3514 832 3594">
     <span class='ocr_line' id='line_1_31' title="bbox 164 3514 832 3594; baseline 0.013 -25"><span class='ocrx_word' id='word_1_192' title='bbox 164 3514 270 3590; x_wconf 89' lang='lat' dir='ltr'>llun&#39;ce,</span> <span class='ocrx_word' id='word_1_193' title='bbox 290 3521 351 3594; x_wconf 89' lang='lat' dir='ltr'>jam</span> <span class='ocrx_word' id='word_1_194' title='bbox 366 3537 472 3577; x_wconf 90' lang='lat' dir='ltr'>croceo</span> <span class='ocrx_word' id='word_1_195' title='bbox 487 3520 611 3577; x_wconf 85' lang='lat' dir='ltr'>mutabit</span> <span class='ocrx_word' id='word_1_196' title='bbox 625 3520 736 3578; x_wconf 89' lang='lat' dir='ltr'>vellera</span> <span class='ocrx_word' id='word_1_197' title='bbox 750 3521 832 3594; x_wconf 86' lang='lat' dir='ltr'>luto;</span> 
     </span>
    </p>

    <p class='ocr_par' dir='ltr' id='par_1_23' title="bbox 162 3605 864 3689">
     <span class='ocr_line' id='line_1_32' title="bbox 162 3605 864 3689; baseline 0.013 -26"><span class='ocrx_word' id='word_1_198' title='bbox 162 3605 259 3681; x_wconf 88' lang='lat' dir='ltr'>Sponte</span> <span class='ocrx_word' id='word_1_199' title='bbox 273 3630 326 3670; x_wconf 88' lang='lat' dir='ltr'>sua</span> <span class='ocrx_word' id='word_1_200' title='bbox 340 3611 455 3688; x_wconf 87' lang='lat' dir='ltr'>sandyx</span> <span class='ocrx_word' id='word_1_201' title='bbox 468 3622 625 3687; x_wconf 84' lang='lat' dir='ltr'>pascentes</span> <span class='ocrx_word' id='word_1_202' title='bbox 640 3612 747 3671; x_wconf 89' lang='lat' dir='ltr'>vestiet</span> <span class='ocrx_word' id='word_1_203' title='bbox 761 3631 864 3689; x_wconf 89' lang='lat' dir='ltr'>agnos.</span> 
     </span>
    </p>

    <p class='ocr_par' dir='ltr' id='par_1_24' title="bbox 162 3697 808 3777">
     <span class='ocr_line' id='line_1_33' title="bbox 162 3697 808 3777; baseline 0.012 -22"><span class='ocrx_word' id='word_1_204' title='bbox 162 3697 235 3760; x_wconf 87' lang='lat' dir='ltr'>Talia</span> <span class='ocrx_word' id='word_1_205' title='bbox 247 3705 351 3776; x_wconf 82' lang='lat' dir='ltr'>saecla,</span> <span class='ocrx_word' id='word_1_206' title='bbox 367 3704 429 3762; x_wconf 90' lang='lat' dir='ltr'>suis</span> <span class='ocrx_word' id='word_1_207' title='bbox 444 3703 587 3776; x_wconf 84' lang='lat' dir='ltr'>dixerunt,</span> <span class='ocrx_word' id='word_1_208' title='bbox 603 3704 719 3777; x_wconf 86' lang='lat' dir='ltr'>currite,</span> <span class='ocrx_word' id='word_1_209' title='bbox 735 3704 808 3763; x_wconf 85' lang='lat' dir='ltr'>fusis</span> 
     </span>
    </p>

    <p class='ocr_par' dir='ltr' id='par_1_25' title="bbox 159 3789 1048 4152">
     <span class='ocr_line' id='line_1_34' title="bbox 162 3789 840 3856; baseline 0.01 -7"><span class='ocrx_word' id='word_1_210' title='bbox 162 3789 319 3855; x_wconf 90' lang='lat' dir='ltr'>Concordes</span> <span class='ocrx_word' id='word_1_211' title='bbox 333 3796 434 3856; x_wconf 89' lang='lat' dir='ltr'>stabili</span> <span class='ocrx_word' id='word_1_212' title='bbox 448 3795 572 3855; x_wconf 84' lang='lat' dir='ltr'>satorum</span> <span class='ocrx_word' id='word_1_213' title='bbox 587 3797 707 3855; x_wconf 90' lang='lat' dir='ltr'>numine</span> <span class='ocrx_word' id='word_1_214' title='bbox 723 3799 840 3856; x_wconf 90' lang='lat' dir='ltr'>Parcae.</span> 
     </span>
     <span class='ocr_line' id='line_1_35' title="bbox 160 3883 1048 3966; baseline 0.005 -21"><span class='ocrx_word' id='word_1_215' title='bbox 160 3883 317 3962; x_wconf 76' lang='lat' dir='ltr'>Aggredere</span> <span class='ocrx_word' id='word_1_216' title='bbox 332 3908 351 3947; x_wconf 96' lang='lat' dir='ltr'>o</span> <span class='ocrx_word' id='word_1_217' title='bbox 365 3907 488 3964; x_wconf 89' lang='lat' dir='ltr'>magnos</span> <span class='ocrx_word' id='word_1_218' title='bbox 497 3923 537 3931; x_wconf 92' lang='lat'>-</span> <span class='ocrx_word' id='word_1_219' title='bbox 546 3888 640 3948; x_wconf 90' lang='lat' dir='ltr'>aderit</span> <span class='ocrx_word' id='word_1_220' title='bbox 658 3891 720 3964; x_wconf 87' lang='lat' dir='ltr'>jam</span> <span class='ocrx_word' id='word_1_221' title='bbox 734 3899 852 3966; x_wconf 88' lang='lat' dir='ltr'>tempus</span> <span class='ocrx_word' id='word_1_222' title='bbox 861 3889 1048 3965; x_wconf 86' lang='lat' dir='ltr'>-honores,</span> 
     </span>
     <span class='ocr_line' id='line_1_36' title="bbox 160 3975 967 4059; baseline 0.011 -25"><span class='ocrx_word' id='word_1_223' title='bbox 160 3975 226 4036; x_wconf 88' lang='lat' dir='ltr'>Cara</span> <span class='ocrx_word' id='word_1_224' title='bbox 239 3980 326 4040; x_wconf 88' lang='lat' dir='ltr'>deum</span> <span class='ocrx_word' id='word_1_225' title='bbox 340 3980 470 4052; x_wconf 82' lang='lat' dir='ltr'>suboles,</span> <span class='ocrx_word' id='word_1_226' title='bbox 486 4000 625 4059; x_wconf 85' lang='lat' dir='ltr'>magnum</span> <span class='ocrx_word' id='word_1_227' title='bbox 638 3981 722 4057; x_wconf 90' lang='lat' dir='ltr'>Jovis</span> <span class='ocrx_word' id='word_1_228' title='bbox 735 3981 967 4044; x_wconf 76' lang='lat' dir='ltr'>incrementum!</span> 
     </span>
     <span class='ocr_line' id='line_1_37' title="bbox 159 4070 912 4152; baseline 0.011 -25"><span class='ocrx_word' id='word_1_229' title='bbox 159 4070 279 4149; x_wconf 82' lang='lat' dir='ltr'>Adspice</span> <span class='ocrx_word' id='word_1_230' title='bbox 293 4092 428 4134; x_wconf 79' lang='lat' dir='ltr'>convexo</span> <span class='ocrx_word' id='word_1_231' title='bbox 442 4084 597 4134; x_wconf 89' lang='lat' dir='ltr'>nutantem</span> <span class='ocrx_word' id='word_1_232' title='bbox 610 4075 744 4152; x_wconf 89' lang='lat' dir='ltr'>pondere</span> <span class='ocrx_word' id='word_1_233' title='bbox 758 4076 912 4150; x_wconf 90' lang='lat' dir='ltr'>mundum,</span> 
     </span>
    </p>
   </div>
   <div class='ocr_carea' id='block_1_3' title="bbox 1098 4100 1125 4143">
    <p class='ocr_par' dir='ltr' id='par_1_26' title="bbox 1098 4100 1125 4143">
     <span class='ocr_line' id='line_1_38' title="bbox 1098 4100 1125 4143; baseline 0 0"><span class='ocrx_word' id='word_1_234' title='bbox 1098 4100 1125 4143; x_wconf 67' lang='lat'>30</span> 
     </span>
    </p>
   </div>
   <div class='ocr_carea' id='block_1_4' title="bbox 0 0 1310 4926">
    <p class='ocr_par' dir='ltr' id='par_1_27' title="bbox 0 0 1310 4926">
     <span class='ocr_line' id='line_1_39' title="bbox 0 0 1310 4926; baseline 0 9"><span class='ocrx_word' id='word_1_235' title='bbox 0 0 1310 4926; x_wconf 95' lang='lat' dir='ltr'> </span> 
     </span>
    </p>
   </div>
  </div>
 </body>
</html>
