2610 4882
514 725 674 771 smarnos
695 726 752 770 unt
773 728 793 771 1.

179 853 319 943 hebetis,
331 868 477 948 audetque
490 869 559 931 viris
573 890 748 932 concurrere
762 872 852 949 virgo.

233 959 302 1023 llaec
312 963 379 1025 durn
393 963 549 1024 Dardanio
563 967 686 1024 Aeneae
701 965 834 1025 miranda
847 965 993 1042 videntur,

185 1043 369 1135 Dunsrupet,
382 1058 550 1134 obtutuque
564 1057 666 1118 haeret
681 1059 794 1117 defixus
809 1058 838 1117 in
853 1078 923 1133 uno,
1104 1089 1143 1130 η

186 1137 290 1224 Regina
300 1151 334 1210 ad
349 1151 502 1228 templum,
516 1149 611 1210 torma
624 1151 820 1227 pulcherrirna
835 1152 924 1225 Dido,

188 1231 303 1314 Incessit,
317 1261 422 1320 magna
433 1244 576 1321 juvenum
592 1243 720 1319 stipante
735 1255 858 1302 caterva

188 1327 278 1404 Qualis
289 1335 314 1395 in
330 1338 457 1396 Eurotae
471 1335 542 1412 ripis
556 1346 608 1395 aut
622 1356 674 1412 per
685 1338 756 1414 juga
771 1337 881 1414 Cynthi

191 1419 294 1488 Exercet
307 1429 404 1489 Diana
417 1428 535 1501 choros,
551 1448 641 1505 quam
656 1429 737 1488 mille
752 1441 869 1490 secutae

191 1513 263 1580 Hinc
270 1534 350 1598 atque
364 1522 435 1580 hinc
449 1523 648 1598 glomerantur
662 1522 816 1595 Oreades,
836 1521 885 1580 illa
898 1523 1066 1598 pharetram
1104 1551 1142 1592 ,ω

191 1606 249 1672 Fert
260 1615 379 1687 humero,
394 1614 591 1692 gradiensque
605 1615 678 1673 deas
693 1614 890 1690 supereminet
905 1633 1031 1689 omnes;

190 1698 299 1766 latonae
312 1708 434 1767 taciturn
450 1718 618 1784 pertentant
631 1707 740 1784 gaudia
754 1719 877 1784 pectus:

189 1792 256 1858 Talis
267 1813 321 1862 erat
336 1801 427 1874 Dido,
443 1801 532 1860 talem
548 1819 579 1860 se
594 1802 670 1860 laeta
685 1802 797 1860 serebat

192 1886 239 1949 Per
248 1894 359 1965 medios,
376 1893 490 1953 instans
503 1892 585 1969 operi
600 1893 755 1970 regnisque
771 1892 881 1953 suturis.

188 1978 252 2044 Turn
263 1987 367 2046 foribus
382 1985 477 2059 divae,
493 1985 592 2046 media
606 1986 754 2053 testudine
770 1985 880 2062 templi,

188 2070 275 2154 Saepta
286 2080 381 2152 annis,
397 2079 533 2156 solioque
547 2080 605 2138 alte
620 2080 746 2139 subnixa
761 2079 876 2138 resedit

188 2164 246 2238 Jua
256 2173 337 2232 dabat
352 2173 493 2249 legesque
507 2171 584 2244 viris,
599 2191 781 2249 operumque
797 2173 928 2231 laborem

192 2258 300 2324 Panibus
314 2265 463 2341 aequabat
474 2263 569 2342 justis,
585 2276 635 2324 aut
650 2278 728 2323 sorte
743 2266 877 2324 trahebat
892 2287 898 2323 :

192 2352 269 2426 Quum
282 2359 378 2418 subito
393 2360 512 2417 Aeneas
527 2376 671 2417 concursu
686 2359 826 2417 accedere
842 2378 952 2436 magno

194 2447 284 2509 Anthea
299 2454 526 2528 Sergestumque
541 2452 621 2510 videt
637 2452 799 2527 sortemque
815 2453 1007 2525 Cloanthum,

195 2536 404 2621 Teucrorumque
419 2544 501 2615 alios,
517 2556 580 2603 ater
593 2564 669 2620 quos
684 2564 812 2620 aequore
827 2547 914 2604 turbo

199 2629 335 2711 Dispulerat
350 2638 526 2714 penitusque
542 2637 614 2696 alias
628 2650 765 2697 avexerat
779 2659 854 2697 oras.

200 2725 326 2807 Obstupuit
341 2730 427 2789 simul
443 2731 506 2806 ipse
522 2729 608 2789 simul
622 2732 773 2807 perculsus
789 2733 921 2790 Achates

201 2816 349 2900 laetitiaque
363 2835 523 2899 metuque;
543 2823 621 2882 avidi
635 2826 814 2902 conjungere
829 2826 946 2884 ‹lextras

202 2911 336 2990 ,tuebare
358 2917 411 2976 sed
425 2936 471 2976 res
486 2915 599 2975 animos
614 2916 763 2994 incognita
778 2918 882 2976 turbat

202 3002 368 3083 Dissimulant,
384 3021 414 3070 et
429 3010 508 3069 nube
523 3029 595 3069 cava
610 3012 799 3086 speculantur
813 3010 922 3085 amicti,

200 3095 259 3170 Quae
271 3105 382 3162 fortuna
396 3103 474 3175 viris,
489 3104 614 3162 classem
630 3123 689 3179 quo
704 3104 788 3162 litore
803 3103 947 3178 linquant,

199 3189 255 3264 Quid
267 3197 401 3268 veniant;
422 3197 535 3256 cunctis
551 3217 619 3256 narn
635 3197 703 3256 lecti
718 3195 842 3255 navibus
857 3197 948 3268 ibant,

195 3283 294 3349 Orantes
307 3291 433 3362 veniam,
449 3301 478 3349 et
493 3291 636 3366 templum
651 3291 780 3349 clamore
796 3291 945 3364 petebant.

223 3381 367 3460 Postquam
384 3383 552 3459 introgressi
567 3394 597 3442 et
611 3402 710 3441 coram
726 3383 796 3440 (lata
810 3383 898 3457 copia
912 3379 1002 3456 sandi,

188 3472 317 3535 Marinus
333 3477 465 3535 Ilioneus
479 3476 597 3553 placido
613 3475 656 3534 sic
670 3486 790 3551 pectore
805 3475 923 3550 coepit:

185 3566 210 3625 0
224 3568 334 3645 Regina,
350 3588 459 3628 novam
474 3569 522 3628 cui
536 3570 665 3628 condere
680 3568 818 3644 Juppiter
833 3569 936 3627 urbem

176 3661 342 3738 justitiaque
357 3662 441 3722 dedit
454 3673 558 3739 gentes
572 3661 686 3720 frenare
701 3661 852 3736 superbas,

177 3755 262 3812 Troes
276 3767 303 3814 te
318 3755 425 3826 miseri,
443 3754 536 3813 ventis
552 3755 642 3813 maria
657 3754 755 3811 omnia
768 3753 854 3824 vecti,

171 3849 302 3920 Oramus,
319 3849 443 3925 prohibe
458 3847 595 3906 infandos
610 3866 627 3904 a
642 3846 765 3905 navibus
782 3845 872 3921 ignes,

167 3945 259 4002 Parce
275 3943 324 4018 pio
338 3940 448 4018 generi,
464 3950 493 3999 et
507 3940 629 4017 propius
645 3959 691 3998 res
706 3938 825 4014 adspice
841 3948 963 3998 nostras

164 4039 195 4097 N
197 4055 237 4094 on
254 4055 308 4094 nos
323 4048 373 4093 aut
387 4034 464 4093 ferro
480 4032 609 4110 Libycos
624 4032 765 4109 populare
782 4033 908 4091 Penates

159 4128 319 4202 Venimus,
335 4136 385 4186 aut
398 4137 497 4204 raptas
511 4126 549 4185 ad
564 4125 651 4185 litora
664 4135 777 4184 vertere
791 4123 936 4200 praedas,
