2610 4926
252 681 292 754 64
354 695 381 738 Ρ.
402 695 503 738 ovlmt
526 695 660 739 NASONIS
680 695 831 739 Tmsrlunr
854 694 912 737 LIB.
932 695 972 739 tv.
992 695 1079 740 abac.
1098 697 1130 741 Χ.

252 840 354 915 Quum
369 841 457 900 maris
473 839 581 901 Euxini
595 816 708 918 positos
722 840 761 900 ad
775 841 860 901 laeva
873 839 1008 902 Tomitas

292 933 443 1007 Quaerere
458 944 505 993 me
521 934 592 994 laesi
608 932 752 1010 Principis
766 932 809 992 ira
819 934 913 1010 jubet

252 1026 353 1087 Causa
367 1045 452 1087 meae
466 1028 581 1087 cunctis
596 1026 718 1086 nimium
734 1045 854 1112 quoque
868 1037 941 1087 nota
954 1026 1055 1089 ruinae

294 1119 412 1179 Indicio
427 1132 544 1179 nonest
559 1118 745 1180 testificanda
758 1137 834 1178 meo.
1195 1151 1233 1184 ιω

249 1211 334 1286 Quid
349 1213 473 1272 reseram
488 1211 690 1288 comitumque
704 1211 787 1272 nefas
800 1212 986 1289 famulosque
1001 1218 1170 1277 nocentes?

294 1307 365 1381 Ipsa
380 1307 473 1371 multa
487 1305 541 1365 tuli
556 1324 616 1364 non
631 1303 742 1365 leviora
754 1304 830 1380 fuga

253 1397 414 1474 Indignata
428 1397 512 1457 malis
526 1417 611 1457 mens
626 1409 670 1457 est
684 1399 884 1471 succumbere,
900 1415 994 1474 seque

295 1490 443 1550 Praestitit
459 1490 596 1550 invictam
612 1489 721 1551 viribus
735 1509 788 1549 usa
801 1488 881 1562 suis;

253 1583 433 1659 Oblitusque
448 1582 506 1642 mei
522 1584 688 1659 ductaeque
702 1601 755 1660 per
769 1581 830 1643 otia
842 1581 929 1655 vitae,

294 1676 420 1736 Insolita
434 1676 500 1753 cepi
516 1675 656 1753 temporis
670 1695 751 1735 arma
764 1694 874 1749 manu;

252 1773 373 1846 Totque
388 1769 440 1828 tuli
456 1782 531 1829 terra
545 1788 631 1830 casus
645 1769 819 1846 pelagoque,
835 1778 908 1845 quot
921 1766 999 1831 inter

293 1862 453 1924 Occultum
470 1864 571 1923 stellae
585 1860 838 1939 conspicuumque
852 1863 962 1939 polum
1062 1931 1066 1940 ¹

251 1957 348 2015 Tacta
360 1955 432 2014 mihi
447 1957 568 2016 tandem
583 1950 678 2032 longis
692 1953 838 2017 erroribus
853 1966 920 2015 acto

291 2050 401 2125 Juncta
415 2047 589 2125 pharetratis
604 2048 744 2108 Sarmatis
758 2066 810 2107 ora
824 2047 916 2109 Getis.

253 2141 315 2207 Hic
330 2162 395 2219 ego,
412 2142 542 2201 finitimis
557 2141 690 2218 quamvis
704 2140 902 2213 circrunsoner
916 2140 1013 2217 armis,

288 2235 409 2309 ,Tristia
425 2255 485 2312 quo
500 2255 630 2312 possum,
646 2233 776 2293 carmine
792 2224 852 2292 sata
865 2234 940 2295 levo.

252 2330 344 2404 Quod
359 2328 491 2406 quamvis
506 2348 595 2387 nemo
610 2339 654 2387 est
668 2329 752 2402 cujus
766 2327 905 2386 reseratur
919 2329 957 2388 ad
974 2348 1067 2406 aures,

291 2422 340 2483 Sic
355 2433 452 2481 tamen
470 2423 593 2480 absumo
608 2420 785 2497 decipioque
800 2420 887 2479 diem.

253 2516 339 2591 Ergo,
356 2515 435 2590 quod
452 2514 520 2573 vivo
535 2513 674 2589 durisque
689 2512 839 2572 laboribus
853 2515 950 2589 obsto,

292 2610 358 2667 Nec
373 2626 420 2666 me
436 2606 579 2666 sollicitae
595 2605 693 2666 taedia
707 2605 780 2665 lucis
795 2607 914 2681 habent,

190 2752 194 2758 .
252 2700 362 2773 Gratia,
380 2702 476 2773 Musa,
494 2700 565 2759 tibi:
587 2712 655 2758 natn
670 2710 701 2758 tu
716 2699 822 2759 solatia
835 2701 959 2776 praebes
969 2722 979 2775 3

291 2796 340 2853 Tu
354 2813 440 2853 curae
456 2794 580 2870 requies,
597 2805 628 2853 tu
642 2792 790 2852 medicina
803 2792 904 2852 venis:
997 2848 999 2853 .

176 2889 177 2892 ’
251 2888 299 2946 Tu
313 2887 373 2945 dux
388 2899 418 2946 et
433 2906 533 2946 comes
548 2906 600 2961 es;
621 2897 652 2946 tu
666 2905 722 2945 nos
736 2885 859 2946 abducis
874 2888 912 2947 ab
927 2889 1014 2962 Istm,

292 2982 328 3039 In
344 2981 502 3056 medioque
517 2980 590 3040 mihi
605 2981 658 3040 das
674 2979 823 3042 Helicone
839 2980 945 3039 locum.

250 3074 298 3133 Tu
313 3072 393 3145 mihi,
410 3075 491 3150 quod
506 3093 610 3146 rarum,
626 3073 694 3132 vivo
708 3072 833 3132 sublime
849 3071 956 3131 dedisti

291 3168 419 3238 Nomen,
435 3168 474 3227 ab
488 3166 635 3243 exsequiis
649 3167 731 3242 quod
745 3166 815 3226 dare
828 3166 907 3225 sama
920 3167 1015 3241 solet;

251 3261 325 3332 Nec,
342 3259 391 3335 qui
406 3260 550 3320 detrectat
564 3259 738 3337 praesentia,
755 3259 828 3319 livor
842 3259 945 3335 iniquo

292 3354 394 3412 Ullum
409 3353 447 3412 de
463 3353 569 3412 nostris
584 3354 672 3413 dente
688 3351 847 3412 momordit
861 3372 944 3429 opus.

167 3512 170 3517 ,
251 3446 330 3503 Nam
345 3444 463 3505 tulerint
477 3465 600 3522 magnos
615 3465 705 3521 quum
720 3447 819 3505 secula
832 3456 933 3505 nostra
946 3447 1058 3522 poetas,
1192 3475 1229 3516 ιι,

292 3539 362 3595 Non
377 3537 431 3596 suit
445 3537 565 3614 ingenio
578 3539 657 3596 sama
670 3538 799 3614 maligna
813 3557 900 3612 meo;

251 3628 410 3705 Quumque
425 3649 481 3706 ego
495 3648 676 3707 praeponam
690 3633 798 3691 multos
813 3630 893 3704 mihi,
909 3650 971 3690 non
985 3630 1082 3693 minor
1095 3629 1153 3693 illis

291 3721 392 3795 Dicor,
408 3722 481 3781 etin
498 3733 562 3782 toto
576 3723 717 3800 plurimus
732 3725 803 3782 orbe
818 3725 906 3799 legor.

250 3813 281 3874 Si
296 3814 367 3889 quid
381 3815 492 3874 habent
507 3815 593 3891 igitur
606 3826 706 3875 vatum
720 3816 871 3892 praesagia
885 3814 954 3889 veri,

291 3907 428 3967 Protinus
442 3919 474 3966 ut
488 3907 603 3980 moriar,
619 3926 680 3967 non
696 3928 754 3981 ero,
770 3920 853 3982 terra,
871 3921 944 3969 tuus

251 3999 320 4061 Sive
334 4000 433 4060 lavore
448 4001 509 4073 tuli,
526 4000 588 4060 sive
605 4001 683 4061 hanc
697 4021 754 4078 ego
771 4002 898 4062 carmine
916 4003 1024 4063 sarnam

290 4095 370 4171 Jure,
386 4093 440 4154 tibi
453 4106 559 4171 grates,
574 4095 701 4155 candide
716 4097 816 4170 lector,
832 4115 896 4174 ago.
