2610 4926
178 23 215 81 70
493 24 517 64 n.
539 22 670 91 vinorum
693 22 791 63 nam.

177 166 309 225 Efficiam
325 168 449 242 posthac
466 189 502 225 nc
519 188 697 242 quemquam
713 185 786 225 voce
802 168 936 224 lacessas,

584 292 736 327 llrlllttlll'ns.

175 363 257 441 Quin
271 383 334 442 age,
351 362 460 441 siquid
476 365 576 437 habes,
592 364 621 423 in
637 384 684 423 mc
699 384 782 423 mora
796 385 856 423 non
872 364 925 424 crit
940 365 1008 437 ulla,

175 458 242 518 Nec
254 475 435 533 quemquam
450 457 550 534 fugio:
572 467 696 530 tantum,
711 457 807 516 vicine
824 460 995 531 Palaemon,

174 548 316 613 Sensibus
329 549 404 608 haec
418 548 588 609 imis—res
601 560 646 611 est
661 569 722 609 non
737 568 1020 628 parva-reponas.

584 670 741 711 prunnon.

175 742 283 827 Dicite,
298 744 542 827 quandoquidem
556 743 587 804 in
600 744 684 805 molli
698 745 888 807 consedimus
902 744 1002 806 herba.

176 838 216 897 Et
227 856 308 897 nunc
321 836 419 897 omnis
433 856 510 915 ager,
525 856 605 898 nunc
619 838 716 899 omnis
730 837 852 917 parturit
866 839 974 915 arbos,·

175 930 265 991 Nunc
279 930 418 990 frondent
432 930 543 1006 silvae5
562 950 642 991 nunc
656 931 885 992 formosissimus
899 948 1002 991 annus

176 1021 290 1101 Incipe,
305 1024 456 1084 Damoeta
464 1046 473 1097 ;
494 1036 526 1085 tu
539 1024 649 1085 deinde
663 1043 795 1102 sequere,
811 1024 960 1084 Menalca

149 1180 154 1191 ,
175 1113 306 1177 Alternis
320 1114 444 1191 dicetis;
464 1126 565 1178 amant
579 1118 693 1179 altema
708 1118 868 1179 Camenae.

582 1240 737 1279 panorm

177 1312 227 1373 Ab
239 1312 317 1389 Jove
330 1310 517 1391 principium,
533 1315 659 1389 Musae3
677 1312 763 1391 Jovis
776 1310 878 1375 omnia
890 1312 981 1391 plena
987 1332 999 1391 ς

177 1404 234 1483 Ille¹
247 1403 320 1466 colit
334 1417 425 1467 terras
435 1428 444 1481 ;
464 1403 507 1465 illi
520 1424 589 1467 mea
601 1404 733 1467 canuina
745 1424 840 1467 curae„

587 1528 740 1567 nauatam

90 1628 108 1681 ¹.
177 1600 218 1660 Et
230 1618 279 1660 me
294 1599 434 1661 Phoebus
448 1610 529 1660 amat
538 1600 559 1676 3'
568 1599 694 1661 Phoebo
707 1616 761 1661 sua
774 1616 892 1677 semper
904 1598 985 1677 apud
999 1616 1048 1661 me

178 1693 306 1753 Munera
319 1702 396 1767 sunt,
410 1691 484 1753 lauri
497 1700 528 1753 et
541 1710 631 1753 suave
644 1690 755 1753 mbens
768 1690 952 1770 hyacinthus

587 1813 743 1853 nauorraa

179 1886 266 1947 Malo
279 1905 327 1947 me
342 1886 469 1949 Galatea
484 1883 567 1965 petit,
581 1884 693 1947 lasciva
705 1886 815 1965 puella,

179 1980 218 2041 Et
230 1978 304 2057 rugit
318 1978 357 2040 ad
371 1979 485 2055 salices,
499 1990 530 2041 et
543 1998 576 2041 se
589 1978 672 2059 cupit
688 1990 758 2041 ante
771 1974 873 2041 videri

248 2114 252 2124 ·
586 2100 739 2141 maratana

179 2173 221 2232 At
234 2170 307 2231 mihi
321 2190 386 2233 sese
399 2172 492 2233 offert
498 2172 586 2247 ultro,
600 2190 685 2233 meus
698 2169 784 2251 ignia
796 2173 951 2251 Amyntas,

179 2264 287 2327 Notior
299 2276 332 2326 ut
343 2267 406 2343 jam
420 2265 458 2327 sit
472 2264 596 2327 canibus
610 2284 672 2326 non
687 2263 776 2327 Delia
788 2263 905 2327 nostris

586 2387 741 2426 nanetus.

178 2460 267 2519 Parta
280 2478 365 2521 meae
378 2458 488 2520 Veneri
502 2469 571 2520 sunt
584 2477 725 2519 munera:
744 2477 874 2535 namque
889 2455 990 2519 notavi

179 2553 249 2631 Ipse
263 2552 371 2627 locum,
386 2552 482 2615 aeriae
497 2571 558 2630 quo
571 2570 747 2631 congessere
761 2552 924 2629 palumbes

587 2676 740 2715 irruamus

178 2749 270 2827 Quod
284 2749 376 2827 potui,
390 2768 483 2828 puero
497 2749 621 2811 silvestri
635 2769 673 2810 ex
685 2750 790 2810 arbore
805 2750 884 2810 lecta

177 2845 277 2905 Aurea
289 2843 369 2903 mala
382 2844 486 2903 decem
500 2842 588 2919 misi3
607 2862 672 2903 cras
685 2843 778 2903 altera
790 2841 915 2902 mittam

586 2962 741 3002 narrorraa

177 3036 208 3099 0
220 3035 338 3113 quoties
352 3043 382 3095 et
396 3053 473 3111 quae
487 3033 574 3095 nobis
588 3034 714 3096 Galatea
727 3032 827 3094 locuta
840 3037 902 3094 estl

179 3130 298 3189 Partem
310 3126 450 3205 aliquam,
464 3126 554 3201 venti,
569 3126 670 3187 divum
682 3124 814 3187 reseratis
828 3126 866 3186 ad
881 3130 984 3188 auresl

588 3248 740 3287 umatum.

178 3323 261 3402 Quid
274 3324 405 3403 prodest,
420 3300 503 3400 quod
515 3342 566 3384 me
579 3323 643 3400 ipse
657 3322 757 3383 animo
771 3340 833 3383 non
847 3323 969 3400 spemis,
985 3326 1126 3404 Amynta,

177 3418 218 3495 Si,
233 3419 306 3480 dum
320 3428 352 3479 tu
366 3416 487 3478 sectaris
500 3434 598 3495 apros,
612 3435 670 3494 ego
683 3415 757 3515 retia
770 3419 875 3478 servo?
