2610 4926
450 667 611 714 Buconica
655 667 722 756 {CL
744 667 790 712 111.

544 824 698 863 panonia

169 898 279 975 Plyllida
289 896 369 958 mitte
383 895 477 957 mihi:
497 914 582 958 meus
596 908 642 958 est
656 896 772 970 natalis,
789 895 886 969 Iolla;

169 990 249 1066 Quum
260 992 357 1052 ficiam
370 989 465 1050 vitula
479 1008 533 1068 pro
547 989 686 1067 frugibus,
701 989 765 1067 ipse
779 988 889 1049 venito.

544 1105 698 1143 armareis

171 1177 277 1254 Phyllida
288 1197 355 1239 amo
369 1187 440 1238 ante
454 1175 526 1236 alias
538 1200 547 1251 3
567 1196 636 1237 nam
651 1196 699 1235 me
714 1177 866 1236 discedere
880 1174 972 1251 fleuit,

171 1270 201 1329 Et
212 1272 317 1350 longum
327 1274 482 1343 Formosa,
496 1271 571 1344 vale,
587 1270 661 1343 vale,
677 1268 781 1345 inquit,
798 1270 882 1330 Iolla

549 1389 701 1426 amoma

170 1455 243 1516 Triste
254 1459 334 1536 lupus
348 1455 482 1528 stabulis,
497 1454 617 1515 maturis
630 1453 760 1531 frugibus
775 1453 894 1529 imbres,
1090 1468 1117 1510 ιο

171 1549 303 1611 Arboribus
317 1549 408 1624 venti,
424 1548 512 1609 nobis
525 1547 715 1625 Amaryllidis
730 1547 797 1607 irae.

548 1667 702 1705 narniens.

170 1736 242 1798 Dulce
254 1739 322 1798 satis
335 1740 451 1810 humor,
467 1735 597 1813 depulsis
611 1736 731 1796 arbutus
745 1733 859 1808 haedis,

169 1829 241 1890 lanta
253 1832 323 1891 salix
336 1832 399 1890 feto
412 1829 522 1907 pecori,
537 1828 610 1887 mihi
624 1829 705 1888 solus
719 1831 872 1905 Amyntas.

550 1948 703 1986 nitrosus

167 2015 242 2077 Pollio
254 2029 331 2077 amat
345 2025 487 2088 nostram,
502 2013 637 2091 quamvis
651 2024 696 2074 est
709 2013 825 2088 rustica,
843 2014 982 2073 Musam:

167 2108 281 2184 Pierides,
295 2109 418 2169 vitulam
432 2106 535 2167 lectori
550 2107 661 2185 pascite
676 2118 782 2167 vestro.
1091 2119 1117 2171 t,

551 2227 703 2264 resarcis.

165 2293 241 2354 Pollio
254 2307 282 2355 et
296 2294 360 2372 ipse
375 2291 446 2352 iacit
460 2311 538 2351 nova
551 2292 699 2352 carmina:
720 2293 832 2369 pascite
847 2304 972 2367 taurum,

163 2387 215 2461 Jam
227 2407 314 2448 comu
329 2398 411 2464 petat
426 2398 455 2446 et
470 2386 595 2462 pedibus
610 2385 660 2461 qui
676 2399 791 2463 spargat
806 2405 934 2446 arenam

551 2506 704 2543 Damouras

162 2573 209 2648 Qui
221 2587 255 2647 te,
271 2574 375 2646 Pollio,
392 2584 480 2646 amat,
495 2572 602 2643 veniat,
619 2591 679 2648 quo
694 2585 723 2632 te
738 2593 856 2649 quoque
870 2572 980 2649 gaudet

161 2666 239 2727 Mella
251 2669 343 2728 fluant
357 2667 408 2740 illi,
424 2668 496 2727 serat
510 2678 539 2725 et
554 2667 644 2724 rubus
660 2685 746 2743 asper
760 2685 918 2725 amomum.

552 2786 706 2824 MENALcAS.

160 2853 209 2927 Qui
223 2854 342 2914 Bavium
357 2873 418 2912 non
434 2852 505 2925 odit,
521 2862 601 2911 amet
615 2864 667 2911 tua
681 2852 819 2925 carmina,
838 2850 948 2925 Maeui,
1055 2914 1060 2926 ,
1094 2877 1121 2916 φ

159 2947 246 3023 Atque
259 2947 339 3006 idern
352 2949 456 3022 jungat
470 2946 574 3022 vulpes
588 2956 618 3004 et
633 2947 763 3030 mulgeat
778 2946 882 3005 hircos

552 3064 708 3101 nitrosus,

159 3131 211 3204 Qui
224 3132 316 3208 legitis
331 3131 417 3190 dores
432 3141 462 3190 et
475 3129 558 3188 humi
573 3132 728 3189 nascentia
742 3132 829 3205 fraga,

159 3223 289 3300 Frigidus,
305 3244 324 3283 ο
339 3223 431 3300 pueri,
447 3222 536 3299 fugite
551 3222 630 3295 hinc,
647 3225 718 3283 latet
733 3222 837 3301 anguis
852 3221 882 3281 in
896 3221 996 3282 herba.

557 3339 711 3377 MENALCAS.

160 3411 273 3484 Parcite,
289 3431 370 3484 oves,
387 3410 509 3470 nimium
525 3412 707 3488 procedere:
728 3430 789 3470 non
804 3412 881 3470 bene
895 3407 977 3487 ripae

159 3504 299 3580 Creditur,
320 3505 385 3582 ipse
400 3504 477 3564 aries
491 3503 579 3564 etiam
595 3523 674 3563 nunc
689 3505 799 3563 vellera
813 3503 911 3563 siccat
1097 3528 1124 3568 os

557 3621 711 3657 partums·

158 3693 259 3771 Tityre,
273 3705 432 3771 pascentes
446 3709 464 3752 a
478 3693 597 3752 flumine
611 3693 689 3752 reice
703 3692 851 3767 capellas:

160 3787 231 3862 Ipse,
246 3787 295 3846 ubi
310 3800 429 3864 tempus
443 3786 504 3859 erit,
520 3805 625 3845 omnes
639 3786 669 3843 in
685 3786 767 3843 sonte
781 3784 896 3844 lavabo.

562 3902 715 3940 nauarcas.

159 3976 258 4054 Cogite
272 3996 352 4050 oves,
367 3975 451 4052 pueri
463 3996 471 4048 ;
491 3973 515 4033 si
530 3976 576 4033 lac
590 3973 770 4050 praeceperit
784 3984 892 4046 aestus,

160 4069 199 4130 Ut
213 4088 311 4147 nuper,
327 4070 434 4128 frustra
448 4068 648 4145 pressabimus
662 4068 753 4125 ubera
766 4065 879 4142 palmia
