2610 4926
413 699 620 743 marmoraria.
644 699 703 742 rra.
726 700 769 743 xr.
1043 699 1079 761 55

111 844 158 906 Nil
172 844 226 905 nisi
239 844 384 905 cedentes
398 843 499 905 infelix
513 844 614 922 arripit
628 864 722 905 auras.

108 941 230 1016 Jamque
244 937 352 998 itemm
366 937 497 998 moriens
511 957 573 998 non
587 949 633 998 est
646 939 684 998 de
699 939 826 1015 conjuge
840 936 1002 1015 quicquam
1056 955 1083 994 ω

109 1033 219 1107 Questa
232 1050 307 1091 suo:
322 1030 397 1106 quid
411 1030 491 1090 enim
505 1031 562 1090 nisi
577 1050 609 1091 se
623 1043 794 1107 quereretur
808 1034 958 1092 amatam?
1174 1031 1177 1036 ’

108 1127 340 1201 Supremumque
354 1124 430 1195 vale,
445 1123 527 1199 quod
539 1125 602 1201 jam
616 1124 665 1183 vix
679 1124 797 1184 auribus
811 1125 862 1184 ille

110 1218 271 1295 Acciperet,
287 1216 371 1288 dixit,
387 1218 577 1293 revolutaque
591 1236 688 1276 mrsus
703 1218 809 1277 eodem
824 1230 877 1277 est

109 1312 175 1369 Non
189 1311 275 1369 aliter
288 1309 401 1386 stupuit
415 1309 533 1386 gemina
547 1329 621 1370 nece
636 1311 771 1386 conjugis
785 1311 933 1386 Orpheus,

108 1405 201 1478 Quam
215 1402 273 1462 tria
287 1402 339 1479 qui
355 1396 483 1475 timidus,
498 1402 599 1462 medio
615 1413 750 1479 portante
765 1414 894 1476 catenas,
1057 1422 1082 1472 ες

109 1498 191 1557 Colla
204 1495 290 1556 canis
304 1494 397 1555 vidit:
415 1515 503 1571 quem
518 1514 580 1553 non
594 1514 688 1573 pavor
701 1508 769 1556 ante
784 1495 910 1573 reliquit,

108 1592 201 1665 Quam
215 1600 323 1648 natura
337 1589 424 1664 prior,
439 1607 512 1648 saxo
526 1607 700 1666 percorpus
714 1590 841 1665 oborto;

109 1684 223 1759 Quique
238 1683 270 1741 in
284 1701 318 1741 se
331 1681 443 1741 crimen
457 1673 544 1742 trariit
558 1682 710 1758 voluitque
724 1682 818 1741 videri

107 1777 217 1835 Olenos
231 1794 298 1835 esse
313 1793 435 1845 nocens,
451 1786 549 1851 tuque,
566 1795 585 1834 o
599 1762 714 1846 confisa
727 1776 838 1852 figurae

108 1869 212 1928 infelix
228 1868 362 1927 Lethaea
375 1879 452 1939 tuae,
465 1867 651 1946 junctissima
665 1868 818 1944 quondam
1058 1900 1084 1937 70

108 1962 239 2031 Pectora,
256 1979 337 2019 nunc
351 1959 473 2036 lapides,
487 1980 563 2036 quos
577 1960 700 2020 humida
715 1960 841 2020 sustinet
855 1961 920 2020 Ide.

107 2055 249 2114 Orantem
263 2054 427 2129 frustraque
442 2052 546 2113 itemm
561 2053 684 2113 transire
698 2054 850 2114 volentem

109 2146 234 2205 Portitor
248 2156 401 2218 arcuerat3
422 2158 536 2222 septem
551 2157 650 2206 tamen
666 2146 715 2206 ille
729 2147 837 2207 diebus

91 2262 94 2269 ·
108 2239 262 2316 Squalidus
276 2239 306 2298 in
322 2237 386 2314 ripa
401 2238 516 2299 Cereris
531 2238 595 2298 sine
608 2258 730 2299 munere
745 2239 841 2299 sedit:

110 2333 184 2391 Cura
198 2333 344 2407 dolorque
360 2331 450 2390 animi
465 2331 661 2407 lacrimaeque
680 2334 820 2392 alimenta
833 2333 921 2392 suere.
1058 2362 1082 2399 ις

110 2425 179 2484 Esse
193 2426 267 2484 deos
283 2424 372 2483 Erebi
388 2424 521 2484 crudeles
537 2436 666 2500 questus,
682 2425 713 2484 in
728 2427 818 2486 altam

112 2519 147 2577 Se
160 2518 263 2639 recipit
278 2517 451 2639 Rbodppen
466 2518 644 2639 pulsumque
660 2519 859 2595 Aquilonibus
875 2521 1027 2579 Haemon.

680 2610 697 2640 f
838 2610 856 2641 ¹}

471 2974 620 3033 LIBER
649 2976 714 3034 XI.

111 3170 259 3229 Canama
274 3171 346 3230 dum
360 3169 412 3229 tali
426 3171 514 3230 silvas
528 3171 705 3249 animosque
721 3173 846 3231 serarum

109 3263 260 3323 Thteicius
275 3275 357 3322 vates
372 3275 401 3322 et
416 3282 486 3323 saxa
501 3266 656 3340 sequentia
670 3246 775 3337 ducit,’

111 3356 185 3415 Ecce
200 3376 291 3416 nurus
307 3356 463 3427 Ciconum,
480 3368 576 3417 tectae
592 3358 743 3434 lymphata
758 3356 859 3416 ferinis

109 3449 230 3508 Pectora
244 3449 410 3520 velleribus,
427 3450 531 3508 tumuli
547 3450 585 3508 de
601 3451 709 3510 vertice
724 3461 849 3510 cernunt

109 3543 227 3618 Orphea
241 3541 388 3618 percussis
403 3542 565 3602 sociantem
581 3543 712 3602 carmina
727 3543 831 3603 nervis

110 3635 134 3692 E
148 3637 253 3710 quibus
268 3654 336 3706 una,
353 3635 448 3693 levem
461 3638 573 3711 jactato
588 3636 669 3694 crine
685 3655 737 3710 per
750 3654 861 3706 auram,

110 3728 162 3797 En,
178 3727 226 3798 ait,
242 3747 279 3786 en
295 3727 343 3785 hic
358 3739 404 3786 est
419 3728 509 3786 nostri
524 3732 708 3787 contemtor!
731 3739 761 3786 et
775 3728 891 3787 hastam

108 3821 190 3879 Vatis
206 3819 357 3897 Apollinei
373 3820 487 3878 vocalia
501 3821 580 3880 misit
595 3821 623 3878 in
639 3834 699 3891 ora,

108 3913 191 3986 Quae
206 3913 283 3971 soliis
298 3923 435 3988 praesuta
450 3925 552 3971 notam
567 3913 631 3972 sine
645 3914 766 3971 vulnere
781 3912 857 3971 fecit

108 4006 234 4064 Alterius
250 4007 345 4075 telum,
355 4005 431 4080 lapis
446 4017 498 4075 est,
515 4005 565 4080 qui
580 4005 687 4064 missus
702 4005 731 4062 in
747 4005 812 4081 ipso

109 4103 184 4159 Aere
199 4110 350 4158 concentu
364 4097 459 4157 victus
473 4097 615 4174 vocisque
630 4099 768 4175 lyraeque
782 4107 837 4169 est,
