<?xml version="1.0" encoding="UTF-8"?>
<!DOCTYPE html PUBLIC "-//W3C//DTD XHTML 1.0 Transitional//EN"
    "http://www.w3.org/TR/xhtml1/DTD/xhtml1-transitional.dtd">
<html xmlns="http://www.w3.org/1999/xhtml" xml:lang="en" lang="en">
 <head>
  <title>
</title>
<meta http-equiv="Content-Type" content="text/html;charset=utf-8" />
  <meta name='ocr-system' content='tesseract 3.04.00' />
  <meta name='ocr-capabilities' content='ocr_page ocr_carea ocr_par ocr_line ocrx_word'/>
</head>
<body>
  <div class='ocr_page' id='page_1' title='image "ahandbooklatinp00marogoog_0124.png"; bbox 0 0 2610 4882; ppageno 0'>
   <div class='ocr_carea' id='block_1_1' title="bbox 519 671 839 746">
    <p class='ocr_par' dir='ltr' id='par_1_1' title="bbox 519 671 839 746">
     <span class='ocr_line' id='line_1_1' title="bbox 519 671 839 746; baseline 0.006 -29"><span class='ocrx_word' id='word_1_1' title='bbox 519 671 706 746; x_wconf 32' lang='lat' dir='ltr'><strong>Grosorcott·</strong></span> <span class='ocrx_word' id='word_1_2' title='bbox 724 671 784 717; x_wconf 72' lang='grc' dir='ltr'><strong>ΠΒ.</strong></span> <span class='ocrx_word' id='word_1_3' title='bbox 807 673 839 719; x_wconf 71' lang='lat' dir='ltr'><strong>ll·</strong></span> 
     </span>
    </p>
   </div>
   <div class='ocr_carea' id='block_1_2' title="bbox 155 810 1167 3865">
    <p class='ocr_par' dir='ltr' id='par_1_2' title="bbox 155 810 1167 3865">
     <span class='ocr_line' id='line_1_2' title="bbox 162 810 975 895; baseline 0.006 -20"><span class='ocrx_word' id='word_1_4' title='bbox 162 810 384 895; x_wconf 76' lang='lat' dir='ltr'><strong>Persequitur</strong></span> <span class='ocrx_word' id='word_1_5' title='bbox 392 816 486 879; x_wconf 82' lang='lat' dir='ltr'><strong>vitem</strong></span> <span class='ocrx_word' id='word_1_6' title='bbox 498 816 662 879; x_wconf 73' lang='lat' dir='ltr'><strong>attondens</strong></span> <span class='ocrx_word' id='word_1_7' title='bbox 673 817 817 895; x_wconf 87' lang='lat' dir='ltr'><strong>fingitque</strong></span> <span class='ocrx_word' id='word_1_8' title='bbox 831 816 975 895; x_wconf 84' lang='lat' dir='ltr'><strong>putando.</strong></span> 
     </span>
     <span class='ocr_line' id='line_1_3' title="bbox 164 904 976 988; baseline 0 -17"><span class='ocrx_word' id='word_1_9' title='bbox 164 904 311 971; x_wconf 82' lang='lat' dir='ltr'><strong>Primus</strong></span> <span class='ocrx_word' id='word_1_10' title='bbox 323 911 443 971; x_wconf 81' lang='lat' dir='ltr'><strong>humum</strong></span> <span class='ocrx_word' id='word_1_11' title='bbox 456 910 563 984; x_wconf 79' lang='lat' dir='ltr'><strong>fodito,</strong></span> <span class='ocrx_word' id='word_1_12' title='bbox 577 911 690 988; x_wconf 89' lang='lat' dir='ltr'><strong>primus</strong></span> <span class='ocrx_word' id='word_1_13' title='bbox 703 910 828 970; x_wconf 86' lang='lat' dir='ltr'><strong>devecta</strong></span> <span class='ocrx_word' id='word_1_14' title='bbox 842 921 976 971; x_wconf 81' lang='lat' dir='ltr'><strong>cremabo</strong></span> 
     </span>
     <span class='ocr_line' id='line_1_4' title="bbox 162 997 937 1081; baseline 0.001 -19"><span class='ocrx_word' id='word_1_15' title='bbox 162 997 354 1079; x_wconf 73' lang='lat' dir='ltr'><strong>Sarmenta,</strong></span> <span class='ocrx_word' id='word_1_16' title='bbox 368 1015 399 1064; x_wconf 91' lang='lat' dir='ltr'><strong>et</strong></span> <span class='ocrx_word' id='word_1_17' title='bbox 411 1004 507 1064; x_wconf 82' lang='lat' dir='ltr'><strong>vallos</strong></span> <span class='ocrx_word' id='word_1_18' title='bbox 519 1002 632 1081; x_wconf 88' lang='lat' dir='ltr'><strong>primus</strong></span> <span class='ocrx_word' id='word_1_19' title='bbox 645 1003 702 1062; x_wconf 89' lang='lat' dir='ltr'><strong>sub</strong></span> <span class='ocrx_word' id='word_1_20' title='bbox 717 1012 797 1063; x_wconf 88' lang='lat' dir='ltr'><strong>tecta</strong></span> <span class='ocrx_word' id='word_1_21' title='bbox 808 1004 916 1064; x_wconf 78' lang='lat' dir='ltr'><strong>referto</strong></span> <span class='ocrx_word' id='word_1_22' title='bbox 926 1024 937 1077; x_wconf 71' lang='grc' dir='ltr'><strong><em>ς</em></strong></span> 
     </span>
     <span class='ocr_line' id='line_1_5' title="bbox 165 1089 969 1172; baseline 0 -16"><span class='ocrx_word' id='word_1_23' title='bbox 165 1089 363 1157; x_wconf 81' lang='lat' dir='ltr'>Postremus</span> <span class='ocrx_word' id='word_1_24' title='bbox 376 1096 489 1157; x_wconf 85' lang='lat' dir='ltr'><strong>metito.</strong></span> <span class='ocrx_word' id='word_1_25' title='bbox 532 1096 584 1156; x_wconf 85' lang='lat' dir='ltr'><strong>Bis</strong></span> <span class='ocrx_word' id='word_1_26' title='bbox 596 1094 705 1155; x_wconf 88' lang='lat' dir='ltr'><strong>vitibus</strong></span> <span class='ocrx_word' id='word_1_27' title='bbox 720 1095 827 1172; x_wconf 78' lang='lat' dir='ltr'><strong>ingruit</strong></span> <span class='ocrx_word' id='word_1_28' title='bbox 844 1096 969 1170; x_wconf 82' lang='lat' dir='ltr'><strong>umbra3</strong></span> 
     </span>
     <span class='ocr_line' id='line_1_6' title="bbox 166 1183 963 1267; baseline 0.003 -19"><span class='ocrx_word' id='word_1_29' title='bbox 166 1183 250 1248; x_wconf 81' lang='lat' dir='ltr'><strong>Bis</strong></span> <span class='ocrx_word' id='word_1_30' title='bbox 262 1201 387 1267; x_wconf 77' lang='lat' dir='ltr'>segetem</span> <span class='ocrx_word' id='word_1_31' title='bbox 400 1188 502 1250; x_wconf 90' lang='lat' dir='ltr'><strong>densis</strong></span> <span class='ocrx_word' id='word_1_32' title='bbox 515 1189 669 1250; x_wconf 90' lang='lat' dir='ltr'><strong>obducunt</strong></span> <span class='ocrx_word' id='word_1_33' title='bbox 684 1187 818 1248; x_wconf 80' lang='lat' dir='ltr'><strong>sentibus</strong></span> <span class='ocrx_word' id='word_1_34' title='bbox 831 1188 942 1250; x_wconf 89' lang='lat' dir='ltr'><strong>herbae</strong></span> <span class='ocrx_word' id='word_1_35' title='bbox 951 1209 963 1265; x_wconf 86' lang='lat'>;</span> 
     </span>
     <span class='ocr_line' id='line_1_7' title="bbox 167 1275 923 1371; baseline -0.001 -29"><span class='ocrx_word' id='word_1_36' title='bbox 167 1275 295 1342; x_wconf 73' lang='lat' dir='ltr'><strong>Dauus</strong></span> <span class='ocrx_word' id='word_1_37' title='bbox 306 1293 429 1358; x_wconf 88' lang='lat' dir='ltr'><strong>uterque</strong></span> <span class='ocrx_word' id='word_1_38' title='bbox 443 1283 548 1343; x_wconf 79' lang='lat' dir='ltr'><strong>labor:</strong></span> <span class='ocrx_word' id='word_1_39' title='bbox 568 1281 690 1342; x_wconf 83' lang='lat' dir='ltr'><strong>laudato</strong></span> <span class='ocrx_word' id='word_1_40' title='bbox 703 1280 835 1371; x_wconf 71' lang='lat' dir='ltr'><strong>ingentia</strong></span> <span class='ocrx_word' id='word_1_41' title='bbox 848 1300 923 1355; x_wconf 88' lang='lat' dir='ltr'><strong>rura,</strong></span> 
     </span>
     <span class='ocr_line' id='line_1_8' title="bbox 168 1367 950 1452; baseline 0.003 -18"><span class='ocrx_word' id='word_1_42' title='bbox 168 1367 338 1452; x_wconf 83' lang='lat' dir='ltr'><strong>Exiguum</strong></span> <span class='ocrx_word' id='word_1_43' title='bbox 351 1375 450 1435; x_wconf 91' lang='lat' dir='ltr'><strong>colito.</strong></span> <span class='ocrx_word' id='word_1_44' title='bbox 494 1376 561 1435; x_wconf 87' lang='lat' dir='ltr'><strong>Nec</strong></span> <span class='ocrx_word' id='word_1_45' title='bbox 574 1393 635 1434; x_wconf 92' lang='lat' dir='ltr'><strong>non</strong></span> <span class='ocrx_word' id='word_1_46' title='bbox 650 1373 741 1434; x_wconf 90' lang='lat' dir='ltr'><strong>etiarn</strong></span> <span class='ocrx_word' id='word_1_47' title='bbox 755 1392 859 1451; x_wconf 86' lang='lat' dir='ltr'><strong>aspera</strong></span> <span class='ocrx_word' id='word_1_48' title='bbox 872 1373 950 1436; x_wconf 85' lang='lat' dir='ltr'><strong>rusci</strong></span> 
     </span>
     <span class='ocr_line' id='line_1_9' title="bbox 168 1459 904 1546; baseline 0.003 -20"><span class='ocrx_word' id='word_1_49' title='bbox 168 1459 314 1527; x_wconf 82' lang='lat' dir='ltr'><strong>Vimine</strong></span> <span class='ocrx_word' id='word_1_50' title='bbox 326 1487 379 1546; x_wconf 88' lang='lat' dir='ltr'><strong>per</strong></span> <span class='ocrx_word' id='word_1_51' title='bbox 391 1467 506 1541; x_wconf 84' lang='lat' dir='ltr'><strong>silvam,</strong></span> <span class='ocrx_word' id='word_1_52' title='bbox 520 1478 551 1528; x_wconf 90' lang='lat' dir='ltr'><strong>et</strong></span> <span class='ocrx_word' id='word_1_53' title='bbox 563 1466 637 1544; x_wconf 83' lang='lat' dir='ltr'>ripis</span> <span class='ocrx_word' id='word_1_54' title='bbox 651 1467 776 1527; x_wconf 87' lang='lat' dir='ltr'><strong>fluvialis</strong></span> <span class='ocrx_word' id='word_1_55' title='bbox 790 1467 904 1529; x_wconf 89' lang='lat' dir='ltr'><strong>arundo</strong></span> 
     </span>
     <span class='ocr_line' id='line_1_10' title="bbox 167 1554 1167 1637; baseline -0.002 -16"><span class='ocrx_word' id='word_1_56' title='bbox 167 1554 342 1635; x_wconf 79' lang='lat' dir='ltr'><strong>Caeditur,</strong></span> <span class='ocrx_word' id='word_1_57' title='bbox 356 1560 519 1637; x_wconf 67' lang='lat' dir='ltr'><strong>intentique</strong></span> <span class='ocrx_word' id='word_1_58' title='bbox 532 1570 652 1620; x_wconf 80' lang='lat' dir='ltr'>exercet</span> <span class='ocrx_word' id='word_1_59' title='bbox 665 1579 736 1619; x_wconf 88' lang='lat' dir='ltr'><strong>cura</strong></span> <span class='ocrx_word' id='word_1_60' title='bbox 749 1559 851 1629; x_wconf 83' lang='lat' dir='ltr'><strong>salicti</strong></span> <span class='ocrx_word' id='word_1_61' title='bbox 916 1618 922 1631; x_wconf 83' lang='grc'><em>,</em></span> <span class='ocrx_word' id='word_1_62' title='bbox 1128 1589 1167 1631; x_wconf 67' lang='grc' dir='ltr'><strong>4η</strong></span> 
     </span>
     <span class='ocr_line' id='line_1_11' title="bbox 164 1643 988 1730; baseline -0.005 -13"><span class='ocrx_word' id='word_1_63' title='bbox 164 1643 194 1717; x_wconf 90' lang='lat' dir='ltr'>J</span> <span class='ocrx_word' id='word_1_64' title='bbox 198 1667 263 1713; x_wconf 82' lang='lat' dir='ltr'><strong>am</strong></span> <span class='ocrx_word' id='word_1_65' title='bbox 274 1654 389 1714; x_wconf 81' lang='lat' dir='ltr'><strong>vinctae</strong></span> <span class='ocrx_word' id='word_1_66' title='bbox 401 1653 486 1727; x_wconf 78' lang='lat' dir='ltr'><strong>vites,</strong></span> <span class='ocrx_word' id='word_1_67' title='bbox 499 1655 562 1729; x_wconf 87' lang='lat' dir='ltr'><strong>jam</strong></span> <span class='ocrx_word' id='word_1_68' title='bbox 575 1653 683 1713; x_wconf 79' lang='lat' dir='ltr'><strong>falcem</strong></span> <span class='ocrx_word' id='word_1_69' title='bbox 697 1654 818 1713; x_wconf 89' lang='lat' dir='ltr'><strong>arbusta</strong></span> <span class='ocrx_word' id='word_1_70' title='bbox 830 1663 988 1730; x_wconf 84' lang='lat' dir='ltr'><strong>reponunt,</strong></span> 
     </span>
     <span class='ocr_line' id='line_1_12' title="bbox 164 1736 887 1815; baseline -0.006 -6"><span class='ocrx_word' id='word_1_71' title='bbox 164 1736 193 1809; x_wconf 89' lang='lat' dir='ltr'>J</span> <span class='ocrx_word' id='word_1_72' title='bbox 197 1760 262 1804; x_wconf 80' lang='lat' dir='ltr'><strong>am</strong></span> <span class='ocrx_word' id='word_1_73' title='bbox 274 1745 351 1807; x_wconf 84' lang='lat' dir='ltr'><strong>canit</strong></span> <span class='ocrx_word' id='word_1_74' title='bbox 364 1748 486 1807; x_wconf 80' lang='lat' dir='ltr'><strong>effectos</strong></span> <span class='ocrx_word' id='word_1_75' title='bbox 499 1758 648 1806; x_wconf 80' lang='lat' dir='ltr'><strong>extremus</strong></span> <span class='ocrx_word' id='word_1_76' title='bbox 663 1745 772 1815; x_wconf 79' lang='lat' dir='ltr'><strong>vinitor</strong></span> <span class='ocrx_word' id='word_1_77' title='bbox 784 1756 887 1805; x_wconf 87' lang='lat' dir='ltr'><strong>antes:</strong></span> 
     </span>
     <span class='ocr_line' id='line_1_13' title="bbox 165 1829 964 1925; baseline 0.006 -31"><span class='ocrx_word' id='word_1_78' title='bbox 165 1829 382 1900; x_wconf 83' lang='lat' dir='ltr'><strong>Sollicitanda</strong></span> <span class='ocrx_word' id='word_1_79' title='bbox 394 1851 494 1900; x_wconf 78' lang='lat' dir='ltr'><strong>tamen</strong></span> <span class='ocrx_word' id='word_1_80' title='bbox 508 1840 605 1925; x_wconf 74' lang='lat' dir='ltr'><strong>tellus,</strong></span> <span class='ocrx_word' id='word_1_81' title='bbox 617 1838 773 1915; x_wconf 90' lang='lat' dir='ltr'><strong>pulvisque</strong></span> <span class='ocrx_word' id='word_1_82' title='bbox 787 1838 964 1912; x_wconf 89' lang='lat' dir='ltr'><strong>movendus,</strong></span> 
     </span>
     <span class='ocr_line' id='line_1_14' title="bbox 168 1921 866 2009; baseline 0.003 -20"><span class='ocrx_word' id='word_1_83' title='bbox 168 1921 235 1989; x_wconf 81' lang='lat' dir='ltr'><strong>Et</strong></span> <span class='ocrx_word' id='word_1_84' title='bbox 245 1934 304 2008; x_wconf 88' lang='lat' dir='ltr'><strong>jam</strong></span> <span class='ocrx_word' id='word_1_85' title='bbox 317 1933 438 1993; x_wconf 86' lang='lat' dir='ltr'><strong>maturis</strong></span> <span class='ocrx_word' id='word_1_86' title='bbox 451 1933 630 1993; x_wconf 88' lang='lat' dir='ltr'><strong>metuendus</strong></span> <span class='ocrx_word' id='word_1_87' title='bbox 643 1931 781 2009; x_wconf 89' lang='lat' dir='ltr'><strong>Juppiter</strong></span> <span class='ocrx_word' id='word_1_88' title='bbox 793 1931 866 1992; x_wconf 84' lang='lat' dir='ltr'><strong>uvis</strong></span> 
     </span>
     <span class='ocr_line' id='line_1_15' title="bbox 236 2022 1166 2101; baseline -0.001 -15"><span class='ocrx_word' id='word_1_89' title='bbox 236 2026 345 2086; x_wconf 83' lang='lat' dir='ltr'><strong>Contra</strong></span> <span class='ocrx_word' id='word_1_90' title='bbox 357 2045 419 2086; x_wconf 92' lang='lat' dir='ltr'><strong>non</strong></span> <span class='ocrx_word' id='word_1_91' title='bbox 433 2027 494 2085; x_wconf 89' lang='lat' dir='ltr'><strong>ulla</strong></span> <span class='ocrx_word' id='word_1_92' title='bbox 507 2037 553 2086; x_wconf 88' lang='lat' dir='ltr'><strong>est</strong></span> <span class='ocrx_word' id='word_1_93' title='bbox 567 2026 642 2086; x_wconf 87' lang='lat' dir='ltr'><strong>oleis</strong></span> <span class='ocrx_word' id='word_1_94' title='bbox 656 2027 790 2099; x_wconf 87' lang='lat' dir='ltr'><strong>cultura;</strong></span> <span class='ocrx_word' id='word_1_95' title='bbox 810 2043 907 2101; x_wconf 90' lang='lat' dir='ltr'><strong>neque</strong></span> <span class='ocrx_word' id='word_1_96' title='bbox 922 2022 990 2085; x_wconf 87' lang='lat' dir='ltr'><strong>illae</strong></span> <span class='ocrx_word' id='word_1_97' title='bbox 1128 2054 1166 2091; x_wconf 65' lang='lat' dir='ltr'><strong>a·</strong></span> 
     </span>
     <span class='ocr_line' id='line_1_16' title="bbox 168 2109 1005 2196; baseline -0.001 -19"><span class='ocrx_word' id='word_1_98' title='bbox 168 2109 368 2178; x_wconf 84' lang='lat' dir='ltr'><strong>Procurvam</strong></span> <span class='ocrx_word' id='word_1_99' title='bbox 381 2129 556 2196; x_wconf 86' lang='lat' dir='ltr'><strong>exspectant</strong></span> <span class='ocrx_word' id='word_1_100' title='bbox 569 2120 678 2179; x_wconf 81' lang='lat' dir='ltr'><strong>falcem</strong></span> <span class='ocrx_word' id='word_1_101' title='bbox 689 2129 861 2194; x_wconf 86' lang='lat' dir='ltr'><strong>rastrosque</strong></span> <span class='ocrx_word' id='word_1_102' title='bbox 875 2129 1005 2192; x_wconf 83' lang='lat' dir='ltr'><strong>tenaces,</strong></span> 
     </span>
     <span class='ocr_line' id='line_1_17' title="bbox 165 2203 982 2287; baseline 0.001 -17"><span class='ocrx_word' id='word_1_103' title='bbox 165 2203 291 2282; x_wconf 86' lang='lat' dir='ltr'><strong>Quum</strong></span> <span class='ocrx_word' id='word_1_104' title='bbox 304 2213 396 2271; x_wconf 86' lang='lat' dir='ltr'><strong>semel</strong></span> <span class='ocrx_word' id='word_1_105' title='bbox 411 2211 570 2272; x_wconf 86' lang='lat' dir='ltr'><strong>haeserunt</strong></span> <span class='ocrx_word' id='word_1_106' title='bbox 582 2210 660 2272; x_wconf 84' lang='lat' dir='ltr'><strong>arvis</strong></span> <span class='ocrx_word' id='word_1_107' title='bbox 674 2230 818 2287; x_wconf 81' lang='lat' dir='ltr'><strong>aurasque</strong></span> <span class='ocrx_word' id='word_1_108' title='bbox 832 2211 982 2286; x_wconf 78' lang='lat' dir='ltr'><strong>tulerunt3</strong></span> 
     </span>
     <span class='ocr_line' id='line_1_18' title="bbox 163 2296 945 2381; baseline 0 -18"><span class='ocrx_word' id='word_1_109' title='bbox 163 2296 264 2377; x_wconf 88' lang='lat' dir='ltr'><strong>Ipsa</strong></span> <span class='ocrx_word' id='word_1_110' title='bbox 277 2303 347 2364; x_wconf 87' lang='lat' dir='ltr'><strong>satis</strong></span> <span class='ocrx_word' id='word_1_111' title='bbox 361 2305 457 2377; x_wconf 87' lang='lat' dir='ltr'><strong>tellus,</strong></span> <span class='ocrx_word' id='word_1_112' title='bbox 472 2323 565 2381; x_wconf 90' lang='lat' dir='ltr'><strong>quum</strong></span> <span class='ocrx_word' id='word_1_113' title='bbox 579 2305 670 2364; x_wconf 89' lang='lat' dir='ltr'><strong>dente</strong></span> <span class='ocrx_word' id='word_1_114' title='bbox 684 2304 845 2364; x_wconf 88' lang='lat' dir='ltr'><strong>recluditur</strong></span> <span class='ocrx_word' id='word_1_115' title='bbox 857 2322 945 2377; x_wconf 87' lang='lat' dir='ltr'><strong>unco,</strong></span> 
     </span>
     <span class='ocr_line' id='line_1_19' title="bbox 160 2391 1010 2474; baseline 0.007 -22"><span class='ocrx_word' id='word_1_116' title='bbox 160 2391 301 2456; x_wconf 85' lang='lat' dir='ltr'><strong>Sufficit</strong></span> <span class='ocrx_word' id='word_1_117' title='bbox 314 2399 468 2457; x_wconf 89' lang='lat' dir='ltr'><strong>humorem</strong></span> <span class='ocrx_word' id='word_1_118' title='bbox 482 2409 512 2457; x_wconf 91' lang='lat' dir='ltr'><strong>et</strong></span> <span class='ocrx_word' id='word_1_119' title='bbox 525 2397 660 2474; x_wconf 88' lang='lat' dir='ltr'><strong>gravidas</strong></span> <span class='ocrx_word' id='word_1_120' title='bbox 675 2417 743 2458; x_wconf 88' lang='lat' dir='ltr'><strong>cum</strong></span> <span class='ocrx_word' id='word_1_121' title='bbox 758 2415 878 2457; x_wconf 87' lang='lat' dir='ltr'><strong>vomere</strong></span> <span class='ocrx_word' id='word_1_122' title='bbox 892 2398 1010 2473; x_wconf 79' lang='lat' dir='ltr'><strong>fruges3</strong></span> 
     </span>
     <span class='ocr_line' id='line_1_20' title="bbox 163 2486 1164 2568; baseline 0.004 -22"><span class='ocrx_word' id='word_1_123' title='bbox 163 2486 264 2548; x_wconf 90' lang='lat' dir='ltr'><strong>Hoc</strong></span> <span class='ocrx_word' id='word_1_124' title='bbox 277 2491 413 2568; x_wconf 87' lang='lat' dir='ltr'><strong>pinguem</strong></span> <span class='ocrx_word' id='word_1_125' title='bbox 428 2502 459 2550; x_wconf 93' lang='lat' dir='ltr'><strong>et</strong></span> <span class='ocrx_word' id='word_1_126' title='bbox 472 2491 612 2566; x_wconf 76' lang='lat' dir='ltr'><strong>placitam</strong></span> <span class='ocrx_word' id='word_1_127' title='bbox 629 2491 698 2550; x_wconf 85' lang='lat' dir='ltr'><strong>Paci</strong></span> <span class='ocrx_word' id='word_1_128' title='bbox 713 2490 839 2551; x_wconf 90' lang='lat' dir='ltr'><strong>nutritor</strong></span> <span class='ocrx_word' id='word_1_129' title='bbox 852 2490 969 2550; x_wconf 89' lang='lat' dir='ltr'><strong>olivam.</strong></span> <span class='ocrx_word' id='word_1_130' title='bbox 1125 2520 1164 2559; x_wconf 69' lang='lat' dir='ltr'><strong>os</strong></span> 
     </span>
     <span class='ocr_line' id='line_1_21' title="bbox 238 2583 1070 2661; baseline 0.005 -20"><span class='ocrx_word' id='word_1_131' title='bbox 238 2584 324 2642; x_wconf 83' lang='lat' dir='ltr'><strong>Poma</strong></span> <span class='ocrx_word' id='word_1_132' title='bbox 337 2603 466 2660; x_wconf 83' lang='lat' dir='ltr'><strong>quoque,</strong></span> <span class='ocrx_word' id='word_1_133' title='bbox 482 2594 515 2642; x_wconf 92' lang='lat' dir='ltr'><strong>ut</strong></span> <span class='ocrx_word' id='word_1_134' title='bbox 529 2583 656 2661; x_wconf 90' lang='lat' dir='ltr'><strong>primum</strong></span> <span class='ocrx_word' id='word_1_135' title='bbox 670 2596 790 2643; x_wconf 89' lang='lat' dir='ltr'><strong>truncos</strong></span> <span class='ocrx_word' id='word_1_136' title='bbox 805 2602 923 2644; x_wconf 87' lang='lat' dir='ltr'><strong>sensere</strong></span> <span class='ocrx_word' id='word_1_137' title='bbox 936 2584 1070 2645; x_wconf 84' lang='lat' dir='ltr'><strong>valentes</strong></span> 
     </span>
     <span class='ocr_line' id='line_1_22' title="bbox 161 2675 834 2753; baseline 0.006 -21"><span class='ocrx_word' id='word_1_138' title='bbox 161 2675 237 2733; x_wconf 89' lang='lat' dir='ltr'><strong>Et</strong></span> <span class='ocrx_word' id='word_1_139' title='bbox 248 2675 317 2735; x_wconf 87' lang='lat' dir='ltr'><strong>vires</strong></span> <span class='ocrx_word' id='word_1_140' title='bbox 331 2677 460 2736; x_wconf 85' lang='lat' dir='ltr'><strong>habuere</strong></span> <span class='ocrx_word' id='word_1_141' title='bbox 472 2695 549 2750; x_wconf 87' lang='lat' dir='ltr'><strong>suas,</strong></span> <span class='ocrx_word' id='word_1_142' title='bbox 564 2677 604 2736; x_wconf 91' lang='lat' dir='ltr'><strong>ad</strong></span> <span class='ocrx_word' id='word_1_143' title='bbox 618 2677 714 2736; x_wconf 88' lang='lat' dir='ltr'><strong>sidera</strong></span> <span class='ocrx_word' id='word_1_144' title='bbox 728 2675 834 2753; x_wconf 88' lang='lat' dir='ltr'><strong>raptim</strong></span> 
     </span>
     <span class='ocr_line' id='line_1_23' title="bbox 155 2767 991 2846; baseline 0.011 -24"><span class='ocrx_word' id='word_1_145' title='bbox 155 2767 238 2823; x_wconf 80' lang='lat' dir='ltr'><strong>vi</strong></span> <span class='ocrx_word' id='word_1_146' title='bbox 251 2769 359 2846; x_wconf 87' lang='lat' dir='ltr'><strong>propria</strong></span> <span class='ocrx_word' id='word_1_147' title='bbox 372 2769 506 2829; x_wconf 87' lang='lat' dir='ltr'><strong>nituntur</strong></span> <span class='ocrx_word' id='word_1_148' title='bbox 519 2769 643 2846; x_wconf 82' lang='lat' dir='ltr'><strong>opisque</strong></span> <span class='ocrx_word' id='word_1_149' title='bbox 657 2770 736 2829; x_wconf 91' lang='lat' dir='ltr'><strong>haud</strong></span> <span class='ocrx_word' id='word_1_150' title='bbox 752 2769 852 2846; x_wconf 86' lang='lat' dir='ltr'><strong>indiga</strong></span> <span class='ocrx_word' id='word_1_151' title='bbox 866 2779 991 2831; x_wconf 78' lang='lat' dir='ltr'><strong>nostrae</strong></span> 
     </span>
     <span class='ocr_line' id='line_1_24' title="bbox 160 2861 961 2940; baseline 0.005 -21"><span class='ocrx_word' id='word_1_152' title='bbox 160 2861 262 2919; x_wconf 83' lang='lat' dir='ltr'><strong>Nec</strong></span> <span class='ocrx_word' id='word_1_153' title='bbox 273 2864 365 2922; x_wconf 89' lang='lat' dir='ltr'><strong>minus</strong></span> <span class='ocrx_word' id='word_1_154' title='bbox 379 2862 494 2922; x_wconf 89' lang='lat' dir='ltr'><strong>interea</strong></span> <span class='ocrx_word' id='word_1_155' title='bbox 506 2863 567 2922; x_wconf 83' lang='lat' dir='ltr'><strong>fetu</strong></span> <span class='ocrx_word' id='word_1_156' title='bbox 582 2881 687 2922; x_wconf 88' lang='lat' dir='ltr'><strong>nemus</strong></span> <span class='ocrx_word' id='word_1_157' title='bbox 701 2882 791 2922; x_wconf 89' lang='lat' dir='ltr'><strong>omne</strong></span> <span class='ocrx_word' id='word_1_158' title='bbox 804 2864 961 2940; x_wconf 82' lang='lat' dir='ltr'><strong>gravescit,</strong></span> 
     </span>
     <span class='ocr_line' id='line_1_25' title="bbox 160 2953 1166 3032; baseline 0.009 -20"><span class='ocrx_word' id='word_1_159' title='bbox 160 2953 421 3032; x_wconf 85' lang='lat' dir='ltr'><strong>Sanguineisque</strong></span> <span class='ocrx_word' id='word_1_160' title='bbox 435 2954 547 3014; x_wconf 86' lang='lat' dir='ltr'><strong>inculta</strong></span> <span class='ocrx_word' id='word_1_161' title='bbox 560 2955 667 3014; x_wconf 89' lang='lat' dir='ltr'><strong>rubent</strong></span> <span class='ocrx_word' id='word_1_162' title='bbox 681 2955 790 3015; x_wconf 87' lang='lat' dir='ltr'><strong>aviaria</strong></span> <span class='ocrx_word' id='word_1_163' title='bbox 803 2956 923 3016; x_wconf 87' lang='lat' dir='ltr'><strong>baccis:</strong></span> <span class='ocrx_word' id='word_1_164' title='bbox 1126 2983 1166 3021; x_wconf 75' lang='lat' dir='ltr'><strong>o·</strong></span> 
     </span>
     <span class='ocr_line' id='line_1_26' title="bbox 162 3046 919 3125; baseline 0.008 -23"><span class='ocrx_word' id='word_1_165' title='bbox 162 3046 362 3108; x_wconf 87' lang='lat' dir='ltr'><strong>Tondentur</strong></span> <span class='ocrx_word' id='word_1_166' title='bbox 375 3047 470 3125; x_wconf 85' lang='lat' dir='ltr'><strong>cytisi,</strong></span> <span class='ocrx_word' id='word_1_167' title='bbox 487 3048 588 3108; x_wconf 79' lang='lat' dir='ltr'><strong>taedas</strong></span> <span class='ocrx_word' id='word_1_168' title='bbox 603 3049 678 3108; x_wconf 91' lang='lat' dir='ltr'><strong>silva</strong></span> <span class='ocrx_word' id='word_1_169' title='bbox 691 3049 753 3108; x_wconf 88' lang='lat' dir='ltr'><strong>alta</strong></span> <span class='ocrx_word' id='word_1_170' title='bbox 765 3049 919 3121; x_wconf 87' lang='lat' dir='ltr'><strong>ministrat,</strong></span> 
     </span>
     <span class='ocr_line' id='line_1_27' title="bbox 168 3138 992 3218; baseline 0.004 -19"><span class='ocrx_word' id='word_1_171' title='bbox 168 3138 412 3218; x_wconf 73' lang='lat' dir='ltr'><strong>Pascunturque</strong></span> <span class='ocrx_word' id='word_1_172' title='bbox 427 3141 511 3218; x_wconf 83' lang='lat' dir='ltr'><strong>ignes</strong></span> <span class='ocrx_word' id='word_1_173' title='bbox 525 3141 662 3201; x_wconf 90' lang='lat' dir='ltr'><strong>nocturni</strong></span> <span class='ocrx_word' id='word_1_174' title='bbox 677 3153 707 3202; x_wconf 89' lang='lat' dir='ltr'><strong>et</strong></span> <span class='ocrx_word' id='word_1_175' title='bbox 722 3141 835 3200; x_wconf 90' lang='lat' dir='ltr'><strong>lumina</strong></span> <span class='ocrx_word' id='word_1_176' title='bbox 848 3141 992 3202; x_wconf 82' lang='lat' dir='ltr'><strong>fundunt:</strong></span> 
     </span>
     <span class='ocr_line' id='line_1_28' title="bbox 175 3229 1065 3309; baseline 0.007 -20"><span class='ocrx_word' id='word_1_177' title='bbox 175 3229 248 3284; x_wconf 86' lang='lat' dir='ltr'><strong>Et</strong></span> <span class='ocrx_word' id='word_1_178' title='bbox 257 3231 378 3295; x_wconf 88' lang='lat' dir='ltr'><strong>dubitant</strong></span> <span class='ocrx_word' id='word_1_179' title='bbox 392 3233 531 3294; x_wconf 88' lang='lat' dir='ltr'><strong>homiues</strong></span> <span class='ocrx_word' id='word_1_180' title='bbox 545 3253 640 3294; x_wconf 85' lang='lat' dir='ltr'><strong>serere</strong></span> <span class='ocrx_word' id='word_1_181' title='bbox 655 3245 743 3309; x_wconf 85' lang='lat' dir='ltr'><strong>atque</strong></span> <span class='ocrx_word' id='word_1_182' title='bbox 759 3233 930 3309; x_wconf 88' lang='lat' dir='ltr'><strong>impendere</strong></span> <span class='ocrx_word' id='word_1_183' title='bbox 945 3236 1065 3295; x_wconf 79' lang='lat' dir='ltr'><strong>curam?</strong></span> 
     </span>
     <span class='ocr_line' id='line_1_29' title="bbox 174 3319 1026 3408; baseline -0.004 -17"><span class='ocrx_word' id='word_1_184' title='bbox 174 3319 275 3391; x_wconf 70' lang='lat' dir='ltr'><strong>Quid</strong></span> <span class='ocrx_word' id='word_1_185' title='bbox 288 3328 399 3408; x_wconf 86' lang='lat' dir='ltr'><strong>majora</strong></span> <span class='ocrx_word' id='word_1_186' title='bbox 412 3330 539 3403; x_wconf 75' lang='lat' dir='ltr'><strong>sequar?</strong></span> <span class='ocrx_word' id='word_1_187' title='bbox 558 3328 664 3387; x_wconf 85' lang='lat' dir='ltr'><strong>salices</strong></span> <span class='ocrx_word' id='word_1_188' title='bbox 678 3327 863 3402; x_wconf 88' lang='lat' dir='ltr'><strong>humilesque</strong></span> <span class='ocrx_word' id='word_1_189' title='bbox 877 3337 1026 3403; x_wconf 76' lang='lat' dir='ltr'><strong>genestae,</strong></span> 
     </span>
     <span class='ocr_line' id='line_1_30' title="bbox 182 3410 1163 3498; baseline 0.009 -26"><span class='ocrx_word' id='word_1_190' title='bbox 182 3410 262 3472; x_wconf 81' lang='lat' dir='ltr'><strong>Aut</strong></span> <span class='ocrx_word' id='word_1_191' title='bbox 272 3418 332 3480; x_wconf 88' lang='lat' dir='ltr'><strong>illae</strong></span> <span class='ocrx_word' id='word_1_192' title='bbox 346 3420 449 3498; x_wconf 89' lang='lat' dir='ltr'><strong>pecori</strong></span> <span class='ocrx_word' id='word_1_193' title='bbox 462 3421 598 3480; x_wconf 81' lang='lat' dir='ltr'><strong>frondem</strong></span> <span class='ocrx_word' id='word_1_194' title='bbox 612 3430 664 3479; x_wconf 92' lang='lat' dir='ltr'><strong>aut</strong></span> <span class='ocrx_word' id='word_1_195' title='bbox 677 3418 845 3496; x_wconf 86' lang='lat' dir='ltr'><strong>pastoribus</strong></span> <span class='ocrx_word' id='word_1_196' title='bbox 860 3421 979 3481; x_wconf 85' lang='lat' dir='ltr'><strong>umbras</strong></span> <span class='ocrx_word' id='word_1_197' title='bbox 1125 3448 1163 3488; x_wconf 66' lang='lat' dir='ltr'><strong>m</strong></span> 
     </span>
     <span class='ocr_line' id='line_1_31' title="bbox 178 3499 901 3590; baseline 0.001 -19"><span class='ocrx_word' id='word_1_198' title='bbox 178 3499 348 3586; x_wconf 76' lang='lat' dir='ltr'><strong>Sufficiunt,</strong></span> <span class='ocrx_word' id='word_1_199' title='bbox 365 3532 546 3590; x_wconf 88' lang='lat' dir='ltr'><strong>saepemque</strong></span> <span class='ocrx_word' id='word_1_200' title='bbox 561 3513 631 3573; x_wconf 89' lang='lat' dir='ltr'><strong>satis</strong></span> <span class='ocrx_word' id='word_1_201' title='bbox 645 3524 675 3572; x_wconf 88' lang='lat' dir='ltr'><strong>et</strong></span> <span class='ocrx_word' id='word_1_202' title='bbox 689 3513 799 3589; x_wconf 89' lang='lat' dir='ltr'><strong>pabula</strong></span> <span class='ocrx_word' id='word_1_203' title='bbox 813 3512 901 3572; x_wconf 81' lang='lat' dir='ltr'><strong>melli</strong></span> 
     </span>
     <span class='ocr_line' id='line_1_32' title="bbox 180 3585 900 3683; baseline 0.003 -20"><span class='ocrx_word' id='word_1_204' title='bbox 180 3585 238 3647; x_wconf 85' lang='lat' dir='ltr'><strong>Et</strong></span> <span class='ocrx_word' id='word_1_205' title='bbox 245 3597 322 3670; x_wconf 88' lang='lat' dir='ltr'><strong>juvat</strong></span> <span class='ocrx_word' id='word_1_206' title='bbox 335 3607 501 3665; x_wconf 90' lang='lat' dir='ltr'><strong>undantem</strong></span> <span class='ocrx_word' id='word_1_207' title='bbox 514 3607 595 3666; x_wconf 85' lang='lat' dir='ltr'><strong>buxo</strong></span> <span class='ocrx_word' id='word_1_208' title='bbox 608 3616 742 3683; x_wconf 84' lang='lat' dir='ltr'><strong>spectare</strong></span> <span class='ocrx_word' id='word_1_209' title='bbox 756 3607 900 3682; x_wconf 88' lang='lat' dir='ltr'><strong>Cytorum</strong></span> 
     </span>
     <span class='ocr_line' id='line_1_33' title="bbox 178 3677 882 3776; baseline 0 -18"><span class='ocrx_word' id='word_1_210' title='bbox 178 3677 392 3775; x_wconf 65' lang='lat' dir='ltr'><strong>Nasyciaeque</strong></span> <span class='ocrx_word' id='word_1_211' title='bbox 406 3698 482 3776; x_wconf 87' lang='lat' dir='ltr'><strong>picis</strong></span> <span class='ocrx_word' id='word_1_212' title='bbox 495 3700 588 3772; x_wconf 75' lang='lat' dir='ltr'><strong>luctu,</strong></span> <span class='ocrx_word' id='word_1_213' title='bbox 602 3700 685 3775; x_wconf 90' lang='lat' dir='ltr'><strong>juvat</strong></span> <span class='ocrx_word' id='word_1_214' title='bbox 699 3717 769 3758; x_wconf 88' lang='lat' dir='ltr'><strong>arva</strong></span> <span class='ocrx_word' id='word_1_215' title='bbox 782 3698 882 3758; x_wconf 88' lang='lat' dir='ltr'><strong>videre</strong></span> 
     </span>
     <span class='ocr_line' id='line_1_34' title="bbox 178 3765 951 3865; baseline 0.004 -15"><span class='ocrx_word' id='word_1_216' title='bbox 178 3765 260 3844; x_wconf 67' lang='lat' dir='ltr'><strong>Nou</strong></span> <span class='ocrx_word' id='word_1_217' title='bbox 277 3792 382 3865; x_wconf 88' lang='lat' dir='ltr'><strong>rastris,</strong></span> <span class='ocrx_word' id='word_1_218' title='bbox 397 3790 553 3852; x_wconf 88' lang='lat' dir='ltr'><strong>bominum</strong></span> <span class='ocrx_word' id='word_1_219' title='bbox 567 3810 629 3851; x_wconf 92' lang='lat' dir='ltr'><strong>uon</strong></span> <span class='ocrx_word' id='word_1_220' title='bbox 643 3791 695 3851; x_wconf 93' lang='lat' dir='ltr'><strong>ulli</strong></span> <span class='ocrx_word' id='word_1_221' title='bbox 710 3791 841 3851; x_wconf 81' lang='lat' dir='ltr'><strong>obnoxia</strong></span> <span class='ocrx_word' id='word_1_222' title='bbox 854 3810 951 3853; x_wconf 87' lang='lat' dir='ltr'><strong>curae.</strong></span> 
     </span>
    </p>
   </div>
   <div class='ocr_carea' id='block_1_3' title="bbox 178 3854 1164 4147">
    <p class='ocr_par' dir='ltr' id='par_1_3' title="bbox 178 3854 1164 4147">
     <span class='ocr_line' id='line_1_35' title="bbox 178 3854 1164 3957; baseline 0 -13"><span class='ocrx_word' id='word_1_223' title='bbox 178 3854 280 3944; x_wconf 61' lang='lat' dir='ltr'><strong>Ipssie</strong></span> <span class='ocrx_word' id='word_1_224' title='bbox 295 3885 439 3945; x_wconf 86' lang='lat' dir='ltr'><strong>Caucasio</strong></span> <span class='ocrx_word' id='word_1_225' title='bbox 453 3885 567 3944; x_wconf 85' lang='lat' dir='ltr'><strong>steriles</strong></span> <span class='ocrx_word' id='word_1_226' title='bbox 581 3884 611 3943; x_wconf 91' lang='lat' dir='ltr'><strong>in</strong></span> <span class='ocrx_word' id='word_1_227' title='bbox 625 3883 734 3944; x_wconf 88' lang='lat' dir='ltr'><strong>vertice</strong></span> <span class='ocrx_word' id='word_1_228' title='bbox 750 3883 848 3957; x_wconf 90' lang='lat' dir='ltr'><strong>silvae,</strong></span> <span class='ocrx_word' id='word_1_229' title='bbox 1125 3910 1164 3951; x_wconf 74' lang='lat' dir='ltr'><strong>u·</strong></span> 
     </span>
     <span class='ocr_line' id='line_1_36' title="bbox 180 3948 1023 4056; baseline 0.005 -21"><span class='ocrx_word' id='word_1_230' title='bbox 180 3948 274 4035; x_wconf 64' lang='lat' dir='ltr'><strong>Quas</strong></span> <span class='ocrx_word' id='word_1_231' title='bbox 288 3977 410 4037; x_wconf 87' lang='lat' dir='ltr'><strong>animosi</strong></span> <span class='ocrx_word' id='word_1_232' title='bbox 425 3977 496 4037; x_wconf 88' lang='lat' dir='ltr'><strong>Euri</strong></span> <span class='ocrx_word' id='word_1_233' title='bbox 511 3977 635 4037; x_wconf 88' lang='lat' dir='ltr'><strong>adsidue</strong></span> <span class='ocrx_word' id='word_1_234' title='bbox 649 3978 845 4053; x_wconf 82' lang='lat' dir='ltr'><strong>franguntque</strong></span> <span class='ocrx_word' id='word_1_235' title='bbox 859 3979 1023 4056; x_wconf 82' lang='lat' dir='ltr'><strong>feruntque,</strong></span> 
     </span>
     <span class='ocr_line' id='line_1_37' title="bbox 181 4037 852 4147; baseline 0.001 -17"><span class='ocrx_word' id='word_1_236' title='bbox 181 4037 276 4130; x_wconf 66' lang='lat' dir='ltr'><strong>Dant</strong></span> <span class='ocrx_word' id='word_1_237' title='bbox 289 4070 361 4130; x_wconf 74' lang='lat' dir='ltr'><strong>auos</strong></span> <span class='ocrx_word' id='word_1_238' title='bbox 375 4070 449 4132; x_wconf 71' lang='lat' dir='ltr'><strong>auae</strong></span> <span class='ocrx_word' id='word_1_239' title='bbox 463 4071 551 4146; x_wconf 82' lang='lat' dir='ltr'><strong>fetus,</strong></span> <span class='ocrx_word' id='word_1_240' title='bbox 566 4071 639 4132; x_wconf 77' lang='lat' dir='ltr'><strong>dant</strong></span> <span class='ocrx_word' id='word_1_241' title='bbox 653 4069 724 4131; x_wconf 76' lang='lat' dir='ltr'><strong>uue</strong></span> <span class='ocrx_word' id='word_1_242' title='bbox 739 4070 852 4147; x_wconf 72' lang='lat' dir='ltr'><strong>ugnum</strong></span> 
     </span>
    </p>
   </div>
   <div class='ocr_carea' id='block_1_4' title="bbox 0 0 1324 4882">
    <p class='ocr_par' dir='ltr' id='par_1_4' title="bbox 0 0 1324 4882">
     <span class='ocr_line' id='line_1_38' title="bbox 0 0 1324 4882; baseline 0 0"><span class='ocrx_word' id='word_1_243' title='bbox 0 0 1324 4882; x_wconf 95' lang='lat' dir='ltr'><strong> </strong></span> 
     </span>
    </p>
   </div>
  </div>
 </body>
</html>
