2610 4926
240 700 277 756 62
446 762 449 768 ,
571 712 597 756 1³.
618 713 719 756 ovmrr
742 714 875 756 vasonis

242 859 356 934 Sponte
371 877 424 918 sua
438 877 556 918 carmen
572 877 710 917 numeros
724 857 862 917 veniebat
877 858 914 917 ad
929 869 1024 935 aptos,

282 953 328 1025 Et,
345 952 427 1027 quod
442 953 593 1011 tentabam
609 950 744 1024 scribere,
760 971 859 1011 versus
875 962 944 1011 erat
1001 974 1005 983 ’

242 1046 361 1103 Interea
375 1044 465 1103 tacito
480 1064 568 1120 passu
583 1043 750 1103 labentibus
766 1044 858 1118 annis,

186 1152 189 1156 ’
282 1136 417 1196 Liberior
431 1136 510 1196 fratri
526 1146 622 1195 sumta
635 1136 767 1212 mihique
783 1147 851 1214 toga
865 1149 918 1212 est,

243 1230 438 1305 Induiturque
453 1229 592 1287 humerus
606 1248 673 1287 curn
689 1230 749 1288 lato
764 1250 891 1306 purpura
905 1232 1012 1307 clav03

284 1324 322 1380 Et
337 1321 467 1380 studium
481 1321 578 1394 nobis,
595 1323 674 1398 quod
691 1322 835 1395 mirante,
851 1336 959 1383 manet.

241 1417 369 1493 Jamque
385 1413 582 1474 decem-vitae
598 1416 685 1474 frater
698 1415 898 1492 geminaverat
912 1435 1016 1488 annos,

208 1558 212 1566 .
283 1509 384 1582 Quum
399 1507 483 1583 perit,
499 1519 529 1566 et
544 1508 630 1584 coepi
645 1519 727 1585 parte
743 1528 840 1567 carere
855 1509 921 1567 mei.

243 1600 386 1676 Cepimus
400 1611 431 1658 et
446 1611 563 1659 tenerae
576 1601 689 1681 primos
704 1602 808 1660 aetatis
822 1602 958 1674 honores,

284 1695 390 1769 Deque
406 1692 474 1751 viris
489 1694 641 1769 quondam
656 1713 723 1771 pars
738 1693 829 1752 tribus
843 1713 902 1752 una
916 1693 966 1752 fui.

189 1798 192 1803 '
243 1785 334 1847 Curia
348 1787 495 1859 restabat;
516 1786 591 1846 clavi
609 1805 745 1846 mensura
760 1798 864 1847 coacta
879 1797 941 1845 est:

244 1888 248 1897 '
284 1880 385 1954 Majus
400 1890 462 1938 erat
477 1880 584 1939 nostris
599 1879 708 1939 viribus
723 1879 794 1939 illud
809 1898 893 1939 onus.

244 1975 310 2032 Nec
325 1973 441 2049 patiens
456 1992 563 2050 corpus
578 1992 634 2032 nec
649 1991 732 2032 mens
747 1972 801 2032 luit
814 1984 884 2049 apta
897 1971 1002 2046 labori,

284 2065 492 2143 Sollicitaeque
508 2068 595 2142 fugax
609 2065 779 2125 ambitionis
794 2084 897 2139 eram;

246 2162 283 2218 Et
297 2171 398 2236 petere
413 2160 529 2219 Aoniae
544 2160 709 2219 suadebant
723 2169 787 2218 tuta
802 2160 924 2218 Sorores

285 2253 363 2325 Otia,
377 2253 491 2328 judicio
507 2271 623 2328 semper
637 2264 734 2310 amata
747 2270 824 2311 meo.

244 2345 401 2421 Temporis
416 2345 493 2405 illius
509 2345 586 2404 colui
602 2344 720 2420 fovique
735 2348 846 2420 poetas,

286 2440 427 2514 Quotque
444 2439 566 2497 aderant
580 2451 671 2509 vateS,
687 2439 772 2496 rebar
786 2438 888 2497 adesse
904 2438 985 2497 deos.

245 2533 339 2606 Saepe
356 2550 423 2590 suas
437 2532 572 2590 volucres
588 2531 658 2607 legit
674 2529 743 2588 milri
758 2530 896 2606 grandior
910 2549 993 2604 aev0,

286 2625 431 2700 Quaeque
448 2635 535 2685 necet
550 2643 679 2699 serpens,
696 2643 771 2699 quae
784 2626 866 2699 juvet
881 2625 1123 2700 herba,·Macer;

246 2719 342 2792 Saepe
358 2737 428 2776 suos
444 2717 548 2776 solitus
563 2717 683 2775 recitare
699 2717 867 2793 Propertius
882 2717 974 2793 ignes,

285 2813 356 2887 Jure
373 2810 500 2869 sodalitii
516 2810 565 2886 qui
581 2809 652 2867 mihi
665 2811 784 2885 junctus
799 2820 868 2869 erat

247 2904 389 2964 Ponticus
405 2906 505 2976 her00‚
523 2906 630 2962 Bassus
645 2922 764 2980 quoque
779 2905 874 2962 clarus
889 2902 1000 2976 iambo,

288 2997 396 3057 Dulcia
411 2997 565 3056 convictus
580 2998 712 3056 membra
726 2998 805 3055 fuere
821 2996 898 3070 mei3

247 3093 286 3151 Et
301 3091 395 3150 tenuit
410 3101 524 3150 nostras
539 3108 712 3149 numerosus
729 3089 871 3149 Horatius
886 3108 979 3164 aures,

288 3186 367 3243 Dum
384 3183 449 3243 ferit
464 3184 597 3242 Ausonia
612 3183 743 3242 carmina
757 3184 835 3242 culta
849 3184 919 3260 lyra

151 3304 155 3312 ¹
245 3277 400 3354 Virgilium
417 3276 477 3336 vidi
493 3289 604 3336 tantum
619 3299 626 3350 ;
648 3296 702 3336 nec
718 3296 817 3335 amara
831 3276 953 3336 Tibullo

286 3373 418 3447 Tempus
434 3371 580 3429 amicitiae
595 3371 654 3428 lata
669 3371 776 3429 dedere
792 3390 882 3429 meae.

246 3466 406 3525 Successor
420 3464 473 3523 suit
488 3464 536 3523 hic
550 3463 613 3536 tibi,
629 3464 724 3534 Galle,
741 3463 908 3538 Propertius
923 3463 964 3521 illi
976 3485 985 3537 ;

289 3560 419 3633 Quartus
434 3561 472 3616 ab
487 3558 533 3616 his
549 3556 622 3616 serie
637 3556 778 3632 temporis
793 3555 855 3631 ipse
870 3556 919 3614 lui.

247 3653 350 3728 thue
365 3672 421 3728 ego
436 3653 571 3727 majores,
588 3649 629 3708 sic
644 3668 691 3708 me
706 3649 822 3707 coluere
837 3648 976 3722 minores,

288 3748 428 3822 Notaque
445 3764 504 3803 non
520 3744 602 3802 tarde
617 3743 695 3801 facta
708 3740 814 3798 Thalia
829 3760 895 3799 mea
910 3753 962 3800 est.

247 3840 388 3900 Carmina
404 3856 494 3914 quum
509 3835 635 3913 primum
650 3834 762 3910 populo
774 3833 915 3911 juvenilia
930 3834 997 3912 legi,

288 3934 383 3991 Barba
398 3941 511 3989 resecta
526 3926 597 3985 mihi
611 3927 694 3985 bisve
708 3928 836 3985 semelve
852 3926 912 3985 luit.

247 4028 384 4085 Moverat
400 4021 550 4100 ingenium
566 4030 658 4078 totam
674 4030 791 4079 cantata
805 4039 857 4096 per
872 4021 989 4081 Urbem

288 4116 417 4177 Nomine
433 4133 493 4173 non
508 4123 578 4173 vero
593 4113 673 4173 dicta
687 4112 819 4174 Corinna
832 4113 913 4175 mihi.
