2610 4926
389 698 597 743 summoueri.
620 698 679 742 ΠΒ.
702 697 735 741 11.

95 848 129 907 llt
140 857 216 924 pater
229 840 421 923 omnipotens
435 863 558 923 superos
573 854 696 904 testatus
711 854 742 903 et
756 843 862 921 ipsum,

92 940 143 1015 Qui
156 941 274 1000 dederat
287 958 399 1012 currus,
415 938 471 996 nisi
487 956 576 1015 opem
591 939 673 1011 ferat,
688 938 791 997 omnia
804 937 865 997 sato

90 1032 235 1093 Interitura
248 1030 341 1110 gravi,
356 1049 503 1090 summam
518 1030 592 1107 petit
607 1030 716 1090 arduus
730 1048 837 1103 arcem,

89 1129 171 1189 Unde
185 1129 261 1188 solet
274 1129 373 1186 nubes
387 1126 454 1186 latis
469 1126 610 1186 inducere
624 1126 715 1199 terris,

88 1223 171 1282 Unde
185 1232 287 1281 movet
302 1219 430 1279 tonitrus
444 1219 617 1296 vibrataque
632 1218 757 1278 fulmina
768 1219 868 1295 jactat

86 1316 139 1375 Sed
153 1333 259 1390 neque,
275 1332 352 1390 quas
365 1323 468 1390 posset
482 1312 567 1372 terris
581 1312 729 1385 inducere,
745 1313 841 1371 nubes

85 1410 165 1467 'lunc
179 1407 292 1478 habuit,
308 1424 373 1478 nec,
389 1424 465 1482 quos
479 1407 565 1466 coelo
580 1405 749 1477 dimitteret,
765 1405 882 1464 imbres.

85 1502 211 1574 Intonat,
226 1510 257 1560 et
270 1500 376 1559 dextra
390 1498 528 1558 libratum
542 1498 654 1558 fulmen
669 1500 707 1558 ab
720 1518 790 1558 aure

84 1594 164 1653 Misit
178 1593 208 1651 in
224 1592 366 1670 aurigam,
382 1592 550 1668 pariterque
564 1592 722 1668 animaque
736 1593 869 1669 rotisque

82 1687 209 1763 Expulit,
225 1696 256 1745 et
270 1684 368 1744 saevis
382 1685 567 1762 compescuit
580 1684 698 1761 ignibus
714 1686 804 1762 ignes

83 1782 319 1841 Consternantur
332 1777 411 1854 equi,
426 1788 457 1837 et
470 1778 547 1837 saltu
562 1778 592 1835 in
606 1778 754 1837 contraria
768 1779 846 1838 lacto

82 1874 168 1933 Colla
179 1874 254 1948 jugo
268 1869 396 1947 eripiunt
410 1871 673 1947 abmptaquelora
685 1870 863 1947 relinquunt.

82 1966 146 2025 lllic
161 1966 245 2025 frena
257 1965 366 2040 jacent,
383 1963 443 2022 illic
456 1974 577 2023 temone
590 1964 725 2023 revulsus

82 2059 162 2131 Aris,
179 2058 209 2116 in
224 2057 283 2116 hac
295 2055 370 2115 radii
384 2056 541 2116 fractarum
556 2069 639 2133 parte
654 2068 793 2130 rotarum,

83 2153 250 2229 Sparsaque
265 2160 336 2209 sunt
350 2151 409 2209 late
423 2148 512 2209 laceri
525 2150 650 2227 vestigia
666 2169 775 2210 currus.

81 2249 121 2305 At
136 2244 305 2315 Phaethon,
320 2242 426 2302 rutilos
439 2242 558 2301 flamma
573 2245 734 2320 populante
749 2243 881 2320 capillos,

81 2338 217 2397 Volvitur
231 2336 261 2395 in
278 2328 421 2412 praeceps
436 2336 585 2412 longoque
600 2356 653 2413 per
666 2340 735 2396 adra
751 2349 843 2399 tractu

84 2433 193 2503 fertur,
209 2441 242 2488 ut
257 2429 405 2488 interdum
421 2429 459 2487 de
473 2430 559 2488 coelo
575 2432 659 2488 stella
673 2450 787 2506 sereno,

84 2525 144 2582 Etsi
160 2542 222 2582 non
237 2522 355 2593 cecidit,
372 2522 467 2598 potuit
482 2522 624 2582 cecidisse
638 2523 739 2583 videri

84 2619 179 2692 Quem
195 2617 298 2692 procul
313 2635 331 2673 a
345 2615 439 2691 patria
454 2615 569 2675 diverso
585 2617 730 2677 maximus
745 2621 817 2679 orbe

86 2709 200 2786 Excipit
217 2708 374 2780 Eridanus,
390 2708 591 2785 fumantiaque
606 2710 699 2769 abluit
717 2731 776 2771 ora

87 2804 196 2862 Naides
212 2801 379 2878 Hesperiae
394 2801 490 2860 trifida
504 2802 647 2862 fumantia
661 2805 781 2863 flamma

87 2896 218 2972 Corpora
231 2886 442 2966 dantiumulo,
458 2894 575 2970 signant
590 2915 709 2971 quoque
725 2898 855 2958 carmine
870 2916 990 2965 saxum:

89 2989 146 3047 Hic
160 2988 232 3046 situs
246 2998 291 3046 est
307 2986 471 3057 Phaethon,
487 3007 587 3047 currus
602 2988 703 3065 auriga
717 2990 831 3066 paterni
844 3014 850 3049 :

88 3082 181 3155 Quem
197 3080 221 3140 si
236 3099 297 3138 non
312 3079 415 3152 tenuit,
430 3081 545 3157 magnis
559 3093 659 3141 tamen
675 3083 785 3142 excidit
798 3083 885 3142 ausis.

89 3175 163 3232 Nam
178 3185 262 3250 pater
276 3174 431 3245 obductos,
449 3175 528 3234 luctu
545 3175 719 3235 miserabilis
734 3195 831 3252 aegro,

89 3267 269 3327 Condiderat
282 3267 399 3338 uultus3
419 3278 448 3326 et
463 3267 486 3326 si
502 3269 594 3327 modo
609 3270 766 3342 credimus,
783 3288 875 3328 unum

89 3361 149 3418 Isse
164 3360 244 3417 diem
259 3359 323 3417 sine
337 3360 400 3418 sole
416 3360 518 3420 lerunt
564 3361 710 3420 Incendia
724 3364 824 3421 lumen

90 3454 280 3525 Praebebunt,
297 3452 462 3529 aliquisque
477 3454 557 3512 malo
572 3453 625 3513 suit
639 3474 710 3513 usus
725 3455 754 3513 iu
769 3456 829 3514 illo.

90 3549 127 3604 At
142 3547 295 3622 Clymene,
311 3557 469 3622 postquam
484 3546 558 3605 dixit
573 3566 768 3623 quaecunque
786 3550 903 3608 luemut

89 3639 124 3696 ln
139 3639 227 3697 tantis
241 3639 371 3698 dicenda
384 3638 478 3710 malis,
491 3639 622 3715 lugubris
638 3651 667 3699 et
681 3659 785 3700 amens

91 3734 125 3791 Et
139 3733 249 3791 laniata
263 3732 344 3791 sinus
359 3741 454 3790 totum
469 3732 636 3807 percensuit
651 3735 764 3804 orbem,

90 3825 306 3902 Exanimesque
320 3836 400 3883 artus
415 3823 519 3899 primo,
535 3843 604 3883 mox
619 3843 687 3883 ossa
701 3825 861 3901 requirens,

90 3919 208 3997 Reperit
223 3937 293 3978 ossa
307 3929 406 3975 tamen
422 3915 577 3992 peregrina
591 3916 713 3976 condita
726 3917 798 3993 ripa,

89 4013 287 4087 Incubuitque
302 4011 379 4082 loco,
395 4028 565 4084 nomenque
581 4008 610 4067 in
626 4028 770 4070 marmore
785 4012 896 4070 lectum

89 4106 219 4167 Perfudit
234 4101 363 4163 lacrimis
377 4113 408 4161 et
421 4113 525 4178 aperto
539 4112 660 4178 pectore
674 4102 754 4162 fovit
