2610 4926
471 660 681 718 unrruonnu.
704 674 763 717 nra.
787 673 819 716 11.

162 821 349 881 Praetereunt
364 829 447 881 ortos
460 820 558 880 isdem
573 820 610 880 de
624 819 756 896 partibus
772 821 875 881 Euros.

161 914 218 973 Sed
233 915 298 974 leve
311 915 433 991 pondus
447 924 519 987 erat,
534 932 591 973 nec
605 914 686 990 quod
702 931 882 990 cognoscere
896 921 1022 990 possent

159 1006 233 1066 Solis
248 1007 325 1083 equi,
343 1006 488 1083 solitaque
502 1009 605 1083 jugum
619 1006 763 1083 gravitate
777 1008 916 1079 carebat;

160 1100 260 1178 thue
275 1101 379 1161 labant
392 1119 499 1159 curvae
512 1101 594 1175 justo
609 1099 673 1159 sine
686 1101 819 1177 pondere
833 1118 935 1173 naves,

160 1194 273 1270 Perque
287 1212 370 1253 mare
384 1192 539 1253 instabiles
553 1192 645 1252 nimia
658 1192 777 1253 levitate
792 1193 931 1266 seruntur,

160 1285 208 1345 Sic
223 1304 313 1346 onere
328 1297 451 1346 assueto
464 1305 577 1345 vacuus
591 1286 643 1345 dat
657 1285 687 1345 in
701 1288 769 1346 aera
783 1287 877 1346 saltus

159 1378 385 1455 Succutiturque
399 1380 460 1439 alte
475 1378 637 1455 similisque
653 1389 699 1439 est
712 1398 813 1439 currus
827 1378 916 1439 inani.
947 1391 949 1395 ’

160 1472 249 1547 Quod
265 1472 389 1532 simulac
404 1490 533 1545 sensere,
548 1482 637 1531 ruunt
650 1472 810 1548 tritumque
824 1472 996 1548 relinquunt

160 1564 337 1644 Quadrijugi
353 1564 492 1642 spatium,
507 1583 573 1637 nec,
589 1583 649 1640 quo
663 1564 753 1641 prius,
768 1564 873 1624 ordine
887 1573 1015 1624 currunt

160 1660 232 1735 lpse
245 1669 345 1735 pavet,
360 1676 416 1717 nec
432 1676 491 1733 qua
504 1657 680 1717 commissas
694 1658 796 1718 flectat
809 1658 952 1731 habenas,

160 1753 226 1812 Nec
241 1751 297 1811 scit
312 1751 423 1828 quasit
437 1751 500 1823 iter,
516 1769 581 1821 nec,
597 1749 621 1810 si
636 1750 718 1824 sciat,
734 1751 860 1827 imperet
873 1750 940 1811 illis

160 1846 239 1903 Tum
254 1843 380 1921 primum
396 1842 486 1904 radiis
499 1842 589 1920 gelidi
603 1845 720 1904 caluere
734 1843 871 1917 Triones,
925 1914 928 1919 ,

162 1939 200 1997 Et
212 1938 307 1997 vetito
322 1938 428 1996 frustra
441 1946 592 1996 tentarunt
605 1955 735 2013 aequore
749 1936 822 2013 tingi
833 1958 841 2010 ;

161 2031 307 2107 Quaeque
323 2031 394 2106 polo
408 2028 508 2105 posita
521 2039 566 2089 est
579 2029 694 2106 glaciali
709 2030 845 2106 proxima
858 2030 996 2107 Serpens,

161 2123 281 2200 Frigore
297 2122 380 2208 pigra
394 2122 476 2200 prius
489 2141 545 2182 nec
559 2122 753 2184 formidabilis
767 2123 828 2196 ulli,

163 2216 291 2275 Incaluit
306 2214 471 2292 sumsitque
485 2235 580 2275 novas
594 2215 757 2276 fervoribus
772 2215 837 2276 iras.

162 2312 206 2369 Te
221 2328 342 2386 quoque
358 2309 507 2368 turbatum
524 2319 688 2367 memorant
703 2309 820 2386 fugisse,
837 2312 941 2384 Boote,

163 2403 306 2478 Quamvis
321 2403 422 2462 tardus
437 2421 501 2461 eras
517 2413 546 2462 et
560 2413 589 2461 te
605 2413 655 2461 tua
670 2403 804 2462 Plaustra
819 2406 970 2465 tenebant.

163 2498 207 2557 Ut
220 2515 292 2555 vero
307 2514 425 2555 summo
440 2495 577 2572 despexit
592 2496 630 2555 ab
645 2494 764 2555 aethere
781 2507 872 2556 terras

164 2589 271 2649 Infelix
288 2590 444 2648 Phaethon
459 2587 577 2665 penitus
592 2588 769 2665 penitusque
782 2592 925 2666 jacentes

165 2682 271 2741 Palluit
286 2693 316 2742 et
330 2682 430 2741 subito
444 2700 541 2758 genua
555 2681 731 2742 intremuere
746 2683 860 2758 timore,
1104 2697 1142 2736 180

165 2778 297 2851 Suntque
313 2774 406 2834 oculis
422 2775 560 2834 tenebrae
575 2785 757 2851 portantum
772 2778 871 2836 lumen
887 2776 1019 2835 obortae.
1042 2839 1047 2849 ,

166 2870 205 2928 Et
215 2870 277 2945 jam
292 2869 394 2927 mallet
408 2886 502 2943 equos
516 2887 668 2943 nunquam
684 2869 816 2948 tetigisse
830 2880 969 2946 paternos
980 2888 990 2942 3

166 2963 231 3037 Jam
247 2980 392 3038 cognosse
407 2980 501 3036 genus
517 2961 605 3037 piget,
621 2973 651 3020 et
669 2963 797 3022 valuisse
811 2963 967 3038 rogand03

167 3057 232 3131 Jam
248 3054 382 3131 Meropis
397 3053 457 3114 dici
471 3054 603 3131 cupienS,
620 3055 661 3114 ita
676 3055 773 3128 fertur,
788 3066 821 3115 ut
835 3066 903 3115 acta

169 3148 324 3223 Praecipiti
339 3147 427 3224 pinus
442 3149 542 3217 borea,
559 3148 607 3206 cui
621 3148 699 3207 victa
713 3147 825 3207 remisit

170 3242 263 3300 Frena
277 3260 347 3299 suus
362 3250 465 3312 rector,
483 3259 578 3318 quam·
589 3241 636 3300 dis
651 3241 787 3317 votisque
802 3239 928 3316 reliquit.

170 3335 249 3408 Quid
264 3331 370 3392 iaciat?
413 3335 545 3392 Multum
560 3335 636 3393 coeli
651 3345 720 3410 post
736 3345 816 3411 terga
831 3334 975 3415 relictum,
1057 3412 1060 3417 Ι

170 3430 248 3485 Ante
262 3426 365 3486 oculos
380 3427 448 3503 plus
464 3437 528 3486 est:
549 3427 649 3486 animo
664 3427 783 3487 metitur
797 3438 963 3503 utrumque,

172 3522 209 3579 Et
223 3520 322 3592 modo,
339 3538 416 3595 quos
432 3519 472 3578 illi
488 3521 580 3579 satum
595 3519 745 3597 contigere
760 3539 820 3579 non
836 3531 890 3592 est,

173 3612 315 3689 Prospicit
331 3632 466 3685 occasus,
483 3613 630 3672 interdum
645 3612 765 3689 respicit
779 3623 880 3686 ortus;
1110 3639 1147 3677 ιφ

172 3706 311 3781 Quidque
327 3718 395 3782 agat
410 3706 537 3782 ignarus
553 3716 660 3781 stupet,
676 3715 706 3765 et
721 3725 776 3765 nec
791 3707 873 3765 frena
886 3703 1008 3765 remittit

175 3800 238 3858 Nec
254 3798 379 3859 retinere
395 3801 481 3871 valet,
497 3818 552 3857 nec
568 3797 690 3857 nomina
704 3797 787 3858 novit
801 3816 967 3874 equorum;

172 3894 279 3968 Sparsa
293 3911 414 3968 quoque
429 3891 459 3950 in
475 3892 555 3950 vario
570 3890 680 3967 passim
697 3891 837 3950 miracula
850 3891 937 3950 coelo

173 3987 390 4061 vastarumque
404 3984 485 4045 videt
499 3984 632 4059 trepidus
647 3984 803 4043 simulacra
817 3985 951 4043 serarum.

174 4080 228 4138 Est
242 4081 336 4151 locus,
351 4078 382 4137 iu
396 4077 534 4155 geminos
548 4076 599 4136 ubi
614 4076 733 4136 brachia
747 4089 891 4136 concavat
906 4095 991 4136 arcus
1112 4101 1148 4140 τος
