2610 4926
363 710 571 755 ammoneri.
594 710 652 755 rra
675 710 743 755 vrrr.
796 690 799 694 ’

70 856 216 935 Quodque
228 874 302 917 enus
316 858 429 933 conjux
441 856 525 935 riguo
538 857 697 935 eollegerat
711 857 807 930 horto,

68 952 196 1010 Truncat
209 951 276 1010 olus
290 949 377 1011 soliis
422 952 516 1011 Purca
530 950 609 1010 levat
622 950 671 1010 ille
685 949 800 1010 bicomi

67 1044 190 1105 Sordida
203 1055 286 1120 terga
299 1042 370 1117 suis,
386 1041 470 1120 nigro
484 1043 646 1120 pendentia
660 1043 752 1120 tigno,

67 1138 245 1213 Senatoque
260 1135 312 1195 diu
326 1147 441 1197 resecat
456 1136 494 1196 de
508 1148 624 1214 tergore
637 1148 752 1213 partem

69 1229 219 1307 Exiguam,
234 1232 409 1305 sectamque
424 1230 526 1289 domat
540 1229 722 1289 serventibus
736 1228 832 1289 undis

69 1323 184 1381 Interea
198 1321 316 1381 medias
328 1322 433 1382 fallunt
447 1321 634 1381 sermonibus
648 1322 746 1394 horas,

69 1414 234 1491 Sentirique
249 1432 364 1473 moram
378 1414 545 1491 prohibent
589 1417 659 1475 Erat
673 1415 773 1474 alveus
787 1412 847 1474 illic

70 1507 221 1583 fagineus,
237 1506 313 1566 dura
325 1507 411 1566 clavo
425 1524 586 1584 suspensus
600 1509 639 1567 ab
653 1526 744 1566 ansa:

70 1602 100 1659 Is
114 1599 220 1675 tepidis
235 1598 375 1675 impletur
388 1598 482 1675 aquis,
498 1611 637 1677 artusque
650 1600 797 1660 fovendos

70 1692 193 1768 Accipit.
239 1694 278 1750 In
292 1691 394 1751 medio
407 1704 489 1753 torus
503 1705 549 1753 est
563 1693 601 1753 de
615 1693 754 1753 mollibus
768 1691 851 1765 ulvis,

71 1786 230 1861 impositus
245 1785 332 1857 lecto,
348 1785 465 1862 sponda
479 1785 666 1863 pedibusque
672 1786 801 1863 'salignis
813 1808 820 1844 :

69 1878 208 1937 l'estibus
223 1878 304 1937 bunc
318 1878 425 1950 velant,
440 1896 516 1954 quas
530 1897 591 1938 non
606 1879 662 1938 nisi
677 1891 810 1956 tempore
825 1878 903 1939 festo

72 1972 206 2030 Sternere
220 1982 417 2043 consuerant;
437 1965 496 2031 sed
506 1984 536 2031 et
551 1972 625 2031 baec
640 1971 764 2048 vilisque
778 1982 924 2049 vetusque

72 2064 169 2123 Vestis
184 2078 256 2135 erat,
272 2064 351 2123 lecto
365 2082 426 2121 non
441 2063 624 2141 indignanda
637 2064 759 2141 saligno.

73 2157 245 2216 Accubuere
260 2155 330 2217 dei:
350 2174 483 2215 mensam
497 2156 650 2217 succincta
663 2167 854 2235 tremensque

75 2249 158 2307 Ponit
171 2268 265 2322 anus;
286 2267 407 2309 mensae
421 2250 551 2309 sederat
565 2269 618 2327 pes
633 2252 736 2310 tertius
751 2251 865 2329 impar:

74 2343 162 2402 Testa
176 2361 276 2418 parem
292 2341 370 2401 lecit.
413 2343 498 2417 Quae
514 2354 671 2420 postquam
687 2345 806 2403 subdita
820 2343 930 2403 clivum

76 2434 202 2506 Sustulit,
217 2447 375 2511 aequatam
390 2447 507 2495 mentae
523 2447 629 2496 tersere
644 2436 778 2497 virentes.

78 2528 194 2587 Ponitur
208 2528 256 2587 bic
271 2527 386 2587 bicolor
400 2527 531 2588 sincerae
546 2531 639 2589 bacca
654 2530 818 2600 Minervae,

79 2621 261 2697 Conditaque
276 2621 306 2678 in
322 2620 434 2696 liquida
447 2640 537 2680 coma
552 2624 732 2682 autumnalia
745 2623 837 2695 faece,

80 2715 242 2790 lntubaque
258 2726 288 2772 et
303 2714 386 2772 radix
400 2729 430 2774 et
444 2715 527 2773 lactis
542 2734 638 2774 massa
652 2716 757 2788 coacti,

80 2807 198 2883 Oraque
213 2825 274 2865 non
289 2806 349 2865 acri
364 2806 467 2865 leviter
479 2820 595 2866 versata
611 2808 727 2867 favilla:

81 2900 184 2958 Omnia
198 2899 345 2959 fictilibus.
391 2901 462 2959 Post
477 2900 551 2960 baec
566 2902 696 2961 caelatus
710 2901 818 2961 eodem

81 2992 189 3050 Sistitur
202 3004 325 3069 argento
339 3005 441 3063 crater,
458 2993 658 3070 fabricataque
671 2994 740 3070 sago

84 3086 196 3155 Pocula,
212 3104 273 3162 qua
286 3104 360 3144 cava
374 3097 452 3157 sunt,
467 3086 643 3146 flaventibus
658 3086 731 3145 illita
745 3085 829 3146 ceris.

83 3178 172 3236 Parva
185 3197 269 3236 mora
283 3190 337 3249 est,
353 3179 516 3255 epulasque
532 3179 589 3237 loci
604 3180 709 3239 misere
724 3180 864 3239 calentes.

83 3271 144 3328 Nec
158 3271 264 3346 longae
280 3290 379 3329 rursus
394 3272 557 3331 reseruntur
570 3272 799 3343 vina-senectae,

83 3364 219 3440 [lantque
236 3365 333 3422 locum
348 3364 459 3423 mensis
474 3365 603 3441 paullum
620 3366 742 3425 seducta
756 3361 904 3424 secundis.

84 3456 140 3515 Hic
155 3476 223 3527 nux,
240 3457 288 3515 hic
304 3456 396 3515 mixta
410 3468 456 3516 est
470 3457 584 3534 rugosis
599 3458 695 3517 carica
709 3457 824 3534 palmis,

83 3549 236 3625 Prunaque
251 3562 281 3609 et
296 3549 325 3607 in
341 3549 449 3626 patulis
464 3550 629 3609 redolentia
643 3552 721 3608 mala
734 3548 878 3622 canistris,

84 3642 119 3699 Et
134 3642 171 3699 ‹le
186 3643 340 3718 purpureis
355 3643 498 3701 collectae
512 3643 621 3701 vitibus
634 3662 728 3714 uvae;

82 3734 235 3793 Candidus
250 3734 278 3792 in
296 3734 397 3793 medio
411 3735 495 3793 savus
509 3746 563 3794 est.
606 3738 700 3811 Super
713 3735 814 3794 omnia
827 3736 927 3794 vultus

82 3829 243 3885 Accessere
258 3828 339 3899 boni,
356 3846 412 3886 nec
427 3829 504 3887 iners
521 3847 691 3904 pauperque
706 3829 851 3887 voluntas

84 3920 200 3978 Interea
214 3920 303 3979 toties
318 3920 454 3978 baustum
470 3931 582 3978 cratera
596 3919 700 3996 repleri

82 4012 193 4086 Sponte
208 4032 261 4071 sua
275 4031 329 4089 per
343 4030 434 4088 seque
448 4011 550 4072 vident
564 4031 747 4072 succrescere
762 4012 848 4072 vina:

82 4105 208 4164 Attoniti
222 4106 356 4165 novitate
369 4117 488 4182 pavent,
503 4105 699 4182 manibusque
713 4105 825 4182 supinis
