2610 4926
402 696 611 741 ammoneri.
634 696 693 742 nm.
715 696 761 753 x·
1025 699 1064 761 5³

95 846 203 917 Mutua,
217 843 288 903 dum
302 841 396 918 licuit,
411 844 579 904 reddebant
592 843 681 917 dicta,
696 844 840 920 Valeque,

93 939 119 997 0
132 940 254 1014 conjux!
276 937 380 997 dixere
394 936 491 1010 simul,
507 937 592 996 simul
608 937 710 997 abdita
723 936 796 997 texit
1026 966 1065 1006 m

92 1031 150 1091 012
163 1030 262 1090 frutex
307 1028 450 1092 Ostendit
463 1030 561 1091 adhuc
574 1029 725 1108 Tyaneius
738 1030 798 1090 illic

92 1124 193 1182 Incola
205 1124 242 1183 de
255 1124 380 1201 gemino
393 1123 508 1184 vicinos
522 1142 647 1200 corpore
661 1136 790 1183 truncos.

94 1218 175 1275 Haec
188 1216 259 1275 milri
273 1236 337 1276 non
351 1216 535 1276 vani—nec
550 1227 613 1276 erat
626 1235 679 1275 cur
692 1217 792 1275 fallere
805 1216 967 1279 vellent-—

91 1310 247 1368 Narravere
261 1328 370 1384 senes;
390 1309 530 1386 equidem
545 1308 707 1386 pendentia
719 1307 781 1368 vidi

89 1402 269 1479 Sertasnper
281 1420 392 1475 ramos,
407 1420 582 1478 ponensque
596 1400 727 1461 recentia
742 1400 822 1462 dixi:
1025 1426 1062 1471 μς

89 1494 218 1617 Curapii
233 1495 290 1556 Dis
303 1506 383 1618 siim,
398 1506 437 1569 et,
452 1494 504 1618 qqi
516 1495 817 1618 coluerezooluntrrr}

461 1951 607 2011 LIBER
634 1952 679 2011 X.

90 2150 167 2209 Isos
179 2169 234 2229 per
247 2150 427 2211 immensum
440 2168 549 2211 croceo
562 2151 677 2211 velatus
692 2148 803 2210 amictu

90 2245 164 2302 Aera
176 2244 340 2321 digreditur
354 2242 562 2319 Ciconumque
577 2246 772 2323 Hymenaeus
786 2243 825 2303 ad
838 2260 906 2304 oras

89 2336 201 2408 Tendit,
217 2349 248 2397 et
262 2337 385 2413 Orphea
399 2336 597 2412 nequicquam
612 2356 686 2397 voce
700 2348 830 2396 vocatur.

89 2430 174 2489 Afinit
189 2430 237 2490 ille
252 2429 395 2506 quidem;
415 2430 467 2488 sed
482 2448 538 2488 nec
552 2429 699 2489 sollennia
712 2432 803 2489 verba

90 2522 148 2581 Nec
163 2523 257 2582 laetos
271 2524 372 2582 vultus
385 2541 441 2582 nec
455 2523 524 2582 felix
538 2522 635 2582 attulit
649 2542 738 2583 omen
751 2545 760 2597 ;
1049 2546 1060 2588 s

90 2614 146 2673 Fax
159 2634 290 2692 quoque,
307 2634 397 2691 quam
412 2615 513 2688 tenuit,
530 2615 687 2675 lacrimoso
702 2614 824 2674 stridula
837 2615 920 2674 firmo

90 2707 188 2783 Usque
203 2708 257 2768 suit
272 2709 429 2785 nullosque
443 2708 554 2768 invenit
569 2709 699 2768 motibus
713 2709 806 2785 ignes.

90 2800 185 2860 Exitus
197 2790 333 2878 adspicio
346 2802 478 2877 gravior:
499 2820 568 2859 nam
583 2813 678 2878 nupta
692 2821 744 2878 per
758 2803 866 2860 herbas

89 2893 163 2952 Dum
178 2913 257 2953 nova
272 2894 422 2953 Naiadum
437 2894 522 2953 turba
536 2893 677 2953 comitata
688 2905 817 2970 vagatur,

88 2987 201 3046 Occidit
216 2987 247 3045 in
263 2988 354 3046 talum
370 2986 513 3062 serpentis
527 2987 617 3046 dente
633 2998 761 3063 recepto.

88 3080 180 3152 Quam
195 3079 267 3138 satis
281 3080 319 3138 ad
334 3098 453 3155 superas
468 3090 625 3156 postquam
643 3079 840 3155 Rhodopeius
855 3096 941 3139 auras

88 3171 211 3231 Deflevit
225 3183 317 3243 vates,
332 3190 370 3230 ne
385 3190 445 3230 non
461 3183 586 3232 tentaret
601 3184 631 3232 et
645 3174 774 3245 umbras,

87 3265 133 3323 Ad
148 3267 238 3341 Styga
251 3263 399 3323 Taenaria
412 3276 457 3324 est
471 3284 560 3324 ausus
574 3266 757 3325 descendere
773 3256 866 3342 porta,

87 3358 198 3433 Perque
213 3358 293 3417 leves
307 3358 435 3434 populos
450 3357 664 3434 simulacraque
679 3359 780 3418 functa
798 3356 941 3434 sepulcris

86 3451 295 3527 Persephonen
312 3449 384 3509 adiit
399 3450 615 3528 inamoenaque
631 3470 720 3528 regna
736 3463 886 3511 tenentem
1037 3480 1061 3517 ις

86 3543 263 3601 Umbramm
278 3542 442 3615 dominum,
458 3543 609 3620 pulsisque
624 3545 663 3602 ad
677 3545 808 3604 carmina
822 3545 919 3604 nervis

84 3634 130 3693 Sic
145 3635 203 3694 ait:
225 3637 253 3698 Ο
269 3635 358 3713 positi
373 3637 428 3695 sub
443 3648 519 3696 terra
534 3637 656 3695 numina
671 3637 782 3710 mundi,

87 3729 120 3785 In
136 3747 224 3803 quem
239 3728 406 3788 decidimus
419 3729 562 3805 quicquid
577 3730 701 3789 mortale
715 3748 857 3802 creamur,

83 3820 113 3879 Si
129 3821 198 3880 licet
212 3834 242 3880 et
256 3820 322 3881 salsi
337 3821 441 3898 positis
455 3821 631 3898 ambagibus
644 3822 704 3881 oris

84 3914 182 3973 Verba
196 3914 277 3990 loqui
293 3912 396 3986 sinitis,
412 3933 473 3974 non
489 3915 555 3987 huc,
571 3927 604 3973 ut
619 3934 713 3991 opaca
727 3914 858 3974 viderem

83 4007 212 4079 Tartara,
228 4007 381 4079 descendi,
397 4026 453 4066 nec
466 4007 509 4066 uti
524 4007 629 4066 villosa
642 4009 771 4067 colubris

83 4101 180 4160 Tema
195 4099 356 4160 Medusaei
369 4099 511 4161 vincirem
525 4112 644 4178 guttura
657 4100 781 4162 monstri
795 4123 801 4161 :
