2610 4926
167 719 223 779 108
480 735 505 779 r.
527 735 662 780 vunnu
682 736 826 782 mnoms

202 877 365 939 Texendae
378 898 484 957 saepes
497 880 588 941 etiam
601 890 633 941 et
646 899 739 959 pecus
751 899 843 942 omne
856 880 1033 957 tenendrnn,

164 973 326 1050 Praecipue
339 973 411 1032 dum
425 974 507 1034 frons
521 985 624 1034 tenera
637 974 867 1052 imprudensque
881 974 1039 1052 laborum

163 1064 221 1126 Cui
236 1085 324 1143 super
337 1065 475 1145 indignas
488 1067 604 1128 hiemes
617 1068 771 1144 solemque
784 1076 941 1146 potentem
1019 1119 1024 1127 .

164 1160 321 1220 Silvestres
336 1160 380 1218 u'ri
393 1160 520 1220 adsidue
533 1179 719 1238 capreaeque
732 1179 875 1239 sequaces

164 1252 307 1325 Illudunt,
323 1263 485 1329 pascuntur
499 1272 572 1313 oves
585 1254 751 1331 avidaeque
769 1256 924 1330 juvencae.

164 1344 285 1422 Frigora
298 1363 354 1405 nec
367 1355 482 1404 tantiam
495 1365 572 1406 mna
584 1357 725 1407 concreta
738 1346 852 1423 pruina,

163 1432 224 1497 A'ut
236 1437 335 1516 gravis
350 1437 526 1497 incumbens
539 1438 671 1515 scopulis
685 1440 838 1500 arentibus
851 1448 959 1514 aestas,
1000 1466 1006 1475 ·

163 1530 316 1604 Quantum
330 1530 372 1588 illi
387 1548 517 1590 nocuere
530 1548 647 1610 greges,
663 1531 788 1608 durique
802 1550 952 1593 venenum

164 1622 273 1683 Dentis
287 1634 318 1682 et
331 1623 472 1683 admorso
484 1623 603 1702 signata
615 1624 647 1683 in
660 1625 753 1702 stirpe
766 1623 895 1685 cicatrix„

163 1717 235 1776 Non
249 1715 337 1775 aliam
352 1716 392 1775 ob
405 1716 524 1794 culpam
539 1717 658 1777 Baccho
671 1736 761 1794 caper
774 1718 914 1778 omnibus
926 1716 988 1779 aris

163 1806 306 1870 Caeditur
319 1820 350 1868 et
362 1819 477 1869 veteres
490 1810 596 1870 ineunt
609 1804 767 1887 proscenia
778 1810 851 1883 ludi,

164 1901 360 1979 Praemiaque
373 1902 501 1982 ingeniis
514 1922 610 1982 pagos
623 1914 654 1964 et
667 1903 799 1980 compita
811 1903 924 1963 cuum

35 2054 49 2075 ,
162 1996 314 2056 Tbesidae
329 2014 466 2073 posuere,
480 2005 570 2073 atque
584 1997 662 2057 inter
675 1996 785 2073 pocula
798 1995 869 2056 laeti

163 2089 309 2149 Mollibus
323 2088 354 2147 in
368 2088 461 2165 pratis
474 2100 582 2149 uncms
595 2089 713 2149 saluere
718 2086 780 2166 'per
793 2098 885 2150 utres,

163 2183 230 2242 Nec
244 2200 305 2242 non
320 2181 455 2254 Ausonii,
470 2182 562 2261 'lroja
574 2200 650 2260 gens
663 2183 765 2255 missa,
780 2181 883 2243 coloni

162 2275 307 2334 Versibus
320 2274 482 2350 incomptis
496 2273 603 2333 ludunt
616 2274 736 2349 risuque
752 2275 861 2348 soluto,

163 2367 285 2442 Oraque
299 2366 459 2425 corticibus
474 2377 594 2425 sumunt
607 2367 757 2426 horrenda
769 2367 889 2440 cavatis,

164 2461 203 2518 Et
217 2469 255 2532 te,
272 2459 397 2530 Bacche,
412 2469 521 2517 vocant
535 2478 588 2535 per
601 2461 733 2519 earmina
747 2461 834 2532 laeta,
849 2458 964 2536 tibique

164 2552 279 2613 Oscilla
293 2570 330 2611 ex
342 2553 403 2610 alta
416 2552 602 2627 suspendunt
616 2553 719 2611 mollia
732 2553 814 2629 pinu

165 2646 249 2705 Hinc
263 2645 361 2704 omnis
375 2646 458 2722 largo
472 2644 609 2721 pubescit
622 2646 711 2704 vinea
724 2646 794 2717 fetu,

164 2739 361 2814 Complentur
375 2738 527 2813 vallesque
541 2756 632 2797 cavae
646 2738 800 2813 saltusque
813 2734 963 2813 profundi,

165 2833 204 2890 Et
219 2849 407 2908 quocumque
421 2832 496 2890 deus
511 2831 622 2890 circum
632 2841 722 2907 caput
735 2831 796 2908 egit
809 2830 978 2889 honestum.

165 2925 245 3003 Ergo
259 2924 314 2983 rite
329 2943 417 2983 suum
433 2925 551 2983 Baccho
565 2924 699 2982 dicemus
713 2923 857 2983 honorem

165 3015 354 3077 Carminibus
368 3016 470 3094 patriis
484 3018 645 3092 lancesque
659 3029 689 3075 et
703 3017 765 3075 liba
778 3016 914 3087 feremus,

166 3111 204 3169 Et
218 3110 324 3169 ductus
339 3128 432 3168 cornu
446 3110 537 3169 stabit
551 3128 637 3169 sacer
650 3109 749 3168 hircus
764 3109 802 3167 ad
816 3127 906 3179 aram,
1109 3130 1146 3170 sos

166 3202 350 3280 Pinguiaque
366 3202 395 3260 in
409 3202 528 3262 veribus
543 3202 721 3262 torrebimus
735 3212 804 3261 exta
818 3200 955 3260 colurnis

207 3298 260 3355 Est
274 3295 363 3354 etiam
379 3295 428 3353 ille
443 3295 527 3355 labor
540 3295 678 3355 curandis
693 3294 801 3355 vitibus
817 3294 900 3367 alter,

167 3388 225 3448 Cui
239 3406 400 3463 numquam
415 3388 549 3447 exhausti
564 3388 637 3447 satis
648 3399 711 3448 est:
732 3406 861 3464 namque
872 3405 962 3446 omne
973 3397 1047 3462 quot
1058 3385 1146 3446 annis

165 3480 285 3555 Terque
300 3490 461 3555 quaterque
477 3480 571 3539 solum
586 3481 793 3553 scindendum,
810 3480 974 3558 glaebaque
989 3480 1081 3539 versis

168 3575 331 3631 Aeternum
346 3572 508 3650 frangenda
523 3571 694 3631 bidentibus
708 3594 715 3644 ;
735 3593 825 3631 omne
840 3573 1000 3633 levandum
1108 3602 1149 3639 a»

169 3664 286 3723 Fronde
300 3682 412 3722 nemus.
456 3663 547 3723 Redit
561 3665 696 3741 agricolis
710 3665 793 3723 labor
808 3678 890 3725 actus
905 3666 935 3724 in
949 3666 1063 3738 orbern,

169 3759 268 3832 Atque
283 3756 313 3814 in
328 3775 360 3814 se
374 3775 428 3814 sua
441 3774 495 3832 per
508 3756 633 3833 vestigia
645 3756 771 3815 volvitur
784 3777 889 3818 annus.

169 3852 215 3907 Ac
234 3850 296 3924 jam
310 3848 381 3906 olim
396 3867 476 3907 seras
490 3850 589 3925 posuit
603 3868 695 3924 quum
710 3850 796 3909 vinea
810 3851 932 3911 frondes

170 3940 304 4018 Frigidus
318 3951 348 4000 et
361 3939 443 3999 silvis
457 3941 557 4016 aquilo
572 3941 701 4001 decussit
715 3943 868 4015 honorem,

168 4036 236 4111 Jam
250 4042 312 4092 tum
325 4051 394 4092 acer
408 4051 494 4091 curas
507 4034 677 4094 venientem
692 4036 825 4096 extendit
840 4035 870 4093 in
885 4055 997 4096 annum
1111 4062 1150 4099 ns

170 4126 319 4199 Rusticus,
335 4135 365 4185 et
379 4144 469 4185 curvo
485 4126 602 4186 Satumi
615 4128 706 4188 dente
720 4129 854 4188 relictam
