2610 4926
166 755 224 810 124
477 755 503 796 a.
524 754 658 799 viroruu
679 754 822 799 usnours

164 900 285 975 Europa
298 909 386 974 atque
401 898 473 958 Asia
487 900 597 976 pulsus
641 901 708 960 Nec
721 901 807 977 plura
819 910 995 985 querentem

164 994 256 1052 Passa
270 993 372 1051 Venus
386 992 486 1052 medio
500 992 543 1052 sic
557 992 695 1054 interfata
707 994 811 1054 dolore
826 1004 889 1054 est:

204 1084 349 1161 Quisquis
364 1104 404 1157 es,
420 1086 509 1158 haud,
525 1087 625 1160 credo,
641 1086 752 1146 invisus
766 1085 948 1147 coelestibus
961 1105 1050 1149 auras

163 1178 277 1237 Vitales
290 1177 394 1254 carpis,
409 1178 529 1255 Tyriam
543 1178 595 1256 qui
609 1178 764 1239 adveneris
778 1181 889 1240 urbem

164 1272 256 1348 Perge
271 1271 371 1343 modo,
388 1281 476 1347 atque
491 1271 560 1331 hinc
574 1282 604 1332 te
618 1271 737 1349 reginae
750 1272 790 1331 ad
804 1271 907 1331 limina
921 1271 1026 1350 perfer.

163 1365 193 1423 N
195 1382 302 1439 amque
317 1362 370 1423 tibi
386 1365 508 1424 reduces
523 1364 621 1425 socios
636 1365 821 1441 classemque
835 1366 959 1425 relatam

163 1456 279 1516 Nuntio
293 1467 322 1515 et
337 1455 366 1514 in
382 1468 477 1516 tutum
491 1456 582 1517 versis
596 1457 786 1534 aquilonibus
800 1468 907 1533 actam,

164 1549 204 1609 Ni
219 1551 323 1609 frustra
337 1549 488 1626 augurium
503 1549 571 1609 vani
586 1551 714 1611 docuere
728 1562 874 1627 parentes.

163 1642 296 1720 Adspice
309 1642 355 1702 bis
370 1662 458 1703 senos
473 1645 616 1704 laetantes
630 1642 747 1721 agmine
761 1662 881 1721 cycnos,

162 1736 303 1796 Aetheria
317 1755 392 1812 quos
407 1737 490 1812 lapsa
502 1736 591 1814 plaga
604 1736 688 1813 Jovis
702 1737 764 1797 ales
778 1748 882 1814 aperto

162 1831 315 1888 Turbabat
329 1831 434 1904 coelo;
455 1848 535 1890 nunc
550 1841 640 1890 terras
654 1828 759 1890 ordine
772 1830 865 1907 longo

161 1924 223 1982 Aut
237 1941 342 2000 capere
355 1933 404 1981 aut
415 1934 518 1999 captas
530 1925 593 1999 jam
606 1923 780 2000 despectare
793 1922 951 1985 videntur:

163 2017 207 2076 Ut
220 2016 344 2075 reduces
358 2015 399 2075 illi
414 2016 519 2075 ludunt
534 2015 725 2077 stridentibus
739 2016 802 2090 alis,

163 2110 202 2168 Et
216 2120 304 2168 coetu
318 2108 436 2169 cinxere
450 2109 562 2185 polum,
576 2120 742 2186 cantusque
756 2110 875 2185 dedere,

163 2203 256 2262 Haud
271 2201 354 2261 aliter
367 2220 541 2278 puppesque
557 2214 624 2263 tuae
639 2204 794 2279 pubesque
808 2213 925 2263 tuorum

163 2297 223 2354 Aut
237 2306 354 2371 portum
370 2305 459 2368 tenet,
476 2307 525 2354 aut
540 2296 630 2371 pleno
646 2295 724 2354 subit
739 2295 815 2354 ostia
829 2296 903 2355 velo.

163 2390 254 2463 Perge
270 2388 369 2461 mod0,
386 2399 423 2459 et,
440 2407 499 2463 qua
514 2398 542 2447 te
557 2388 638 2447 ducit
653 2388 707 2461 via,
724 2388 815 2465 dirige
830 2407 970 2465 gressum

203 2480 294 2553 Dixit,
311 2492 340 2540 et
355 2492 489 2540 avertens
505 2500 588 2540 rosea
604 2481 717 2540 cervice
735 2481 855 2554 refulsit,

163 2573 397 2650 Ambrosiaequc
412 2593 516 2633 comae
531 2573 663 2633 divinum
678 2575 786 2634 vertice
801 2574 925 2633 odorem

161 2667 322 2744 Spiravere,
339 2668 431 2743 pedes
447 2666 535 2726 vestis
550 2667 673 2726 defluxit
687 2668 724 2726 ad
741 2668 824 2740 imos,

162 2761 201 2820 Et
215 2780 284 2819 vera
299 2760 416 2820 incessu
431 2759 525 2836 patuit
540 2761 603 2819 dea
649 2761 704 2819 llle
720 2760 769 2819 ubi
784 2772 910 2819 matrem

161 2853 300 2931 Agnovit,
317 2853 366 2912 tali
383 2854 541 2929 fugientem
557 2864 601 2911 est
616 2871 689 2911 voce
705 2865 840 2911 secutus:

162 2947 242 3022 Quid
257 2961 359 3006 natum
375 2947 471 3018 totieS,
487 2946 615 3005 crudelis
631 2957 661 3004 tu
677 2965 804 3022 quoque,
818 2945 897 3004 falsis

161 3041 254 3100 Ludis
269 3040 465 3117 imaginibus?
487 3059 539 3098 cur
552 3040 672 3098 dextrae
684 3040 807 3117 jungere
822 3039 956 3098 dextram

162 3135 233 3193 Non
248 3134 333 3193 datur
347 3153 382 3192 ac
398 3153 480 3193 veras
495 3133 596 3191 audire
611 3143 640 3191 et
655 3133 778 3191 reddere
793 3134 904 3191 voces?

161 3227 284 3285 Talibus
299 3226 421 3298 incusat,
437 3245 627 3303 gressumque
643 3226 679 3284 ad
696 3225 814 3284 moenia
828 3224 931 3284 tendit

162 3323 203 3379 At
218 3321 320 3378 Venus
335 3320 464 3378 obscuro
479 3318 646 3396 gradientes
661 3337 727 3377 aere
743 3317 861 3393 saepsit,

163 3414 201 3470 Et
216 3412 309 3471 multo
324 3414 449 3471 nebulae
465 3413 575 3471 circum
591 3413 648 3471 dea
662 3411 737 3471 fudit
752 3411 869 3483 amictu,

162 3506 291 3564 Cernere
307 3524 343 3563 ne
359 3505 425 3580 quis
440 3524 499 3578 eos,
516 3525 574 3564 neu
590 3504 655 3581 quis
670 3503 841 3580 contingere
857 3513 968 3579 posset,

162 3596 300 3656 Molirive
315 3617 435 3665 moram,
452 3610 502 3657 aut
516 3597 654 3657 veniendi
670 3617 792 3674 poscere
807 3615 935 3656 caussas.

163 3691 234 3764 Ipsa
249 3690 382 3765 Paphum
398 3691 529 3749 sublimis
544 3691 614 3762 abit,
631 3693 777 3766 sedesque
793 3689 892 3750 revisit
1107 3724 1145 3761 ⁴¹⁵

162 3784 256 3841 Laeta
270 3801 345 3853 suas,
361 3784 412 3841 ubi
428 3785 568 3859 templum
584 3784 634 3855 illi,
650 3796 829 3859 centumque
845 3785 961 3844 Sabaeo

161 3876 240 3933 Ture
255 3875 353 3933 calent
368 3894 434 3935 arae
450 3876 592 3952 sertisque
608 3877 775 3935 recentibus
791 3878 898 3935 halant.

203 3967 378 4043 Corripuere
390 3969 467 4028 viam
483 3972 602 4040 interea,
619 3988 678 4045 qua
693 3970 797 4028 semita
812 3979 964 4030 monstrat.

161 4062 287 4136 Jamque
304 4062 505 4121 ascendebant
519 4063 636 4134 collem,
653 4060 703 4136 qui
719 4062 860 4137 plurimus
875 4061 940 4121 urbi

163 4152 303 4212 Imminet
318 4155 514 4230 adversasque
529 4154 684 4230 adspectat
699 4155 826 4230 desuper
840 4173 930 4215 arces.
1108 4188 1147 4224 ω
