2610 4926
247 748 287 806 34
583 747 609 790 Ρ.
632 745 734 789 ovrmr
755 745 890 788 NASONIS

249 889 351 951 Pande
365 889 525 967 requirenti
540 910 651 951 nornen
665 901 818 967 terraeque
832 900 984 966 tuumque,
1041 895 1044 900 “
1188 903 1227 943 ⁶⁸0

249 985 288 1043 Et
301 1003 354 1042 cur
367 984 465 1044 vincla
477 1003 568 1061 geras.
613 984 713 1043 Primo
727 983 794 1043 silet
808 983 866 1057 illa,
882 1003 938 1043 uec
952 983 1043 1044 audet

248 1077 408 1153 Appellare
422 1076 516 1135 virum
531 1076 633 1153 virg03
653 1075 849 1153 manibusque
864 1077 1019 1137 modestos

249 1170 384 1230 Celasset
397 1170 504 1242 vultus,
520 1169 615 1228 sinon
631 1167 753 1245 religata
766 1169 877 1239 fuisset

224 1330 225 1334 η
248 1261 384 1336 Lumina,
402 1262 483 1339 quod
498 1261 603 1339 potuit,
620 1261 747 1321 lacrimis
762 1263 896 1341 implevit
907 1263 1029 1325 obortis

214 1378 219 1388 ·
248 1355 371 1430 Saepius
386 1346 516 1428 instanti,
531 1373 585 1414 sua
598 1374 637 1414 ue
651 1353 761 1415 delicta
774 1357 858 1418 lateri
1189 1367 1227 1418 ωε

249 1449 339 1507 Nolle
352 1446 507 1521 videretur,
523 1466 634 1508 nomen
649 1459 802 1527 terraeque
816 1469 970 1528 suumque,

249 1541 430 1617 Quantaque
444 1552 595 1601 maternae
610 1541 696 1603 suerit
709 1543 820 1603 fiducia
833 1546 954 1616 formae,

250 1632 386 1707 Indicat;
408 1644 446 1707 et,
462 1635 596 1694 nondum
611 1636 781 1696 memoratis
796 1636 942 1708 omnibus,
958 1635 1041 1696 unda

250 1726 396 1801 Insonuit‚
411 1727 593 1805 veniensque
608 1728 755 1789 immenso
768 1731 868 1790 bellua
881 1717 976 1806 ponto

250 1819 370 1879 Eminet
384 1832 415 1881 et
429 1822 521 1882 latum
536 1824 592 1882 sub
607 1834 727 1899 pectore
741 1822 874 1899 possidet
885 1840 1004 1898 aequor.
1190 1834 1229 1882 ὑφ

251 1914 428 1975 Conclamat
443 1914 544 1994 virgo:
564 1916 680 1993 genitor
693 1915 823 1993 lugubris
837 1927 867 1976 et
881 1934 942 1975 una

251 2008 351 2066 Mater
364 2008 457 2082 adest,
473 2011 563 2068 ambo
577 2008 685 2082 miseri,
701 2009 753 2068 sed
773 2009 880 2086 justius
894 2007 963 2081 illa;

251 2101 281 2160 N
283 2120 318 2160 ec
333 2120 434 2161 secum
448 2101 599 2175 auxilium,
615 2102 668 2162 sed
683 2101 790 2178 dignos
803 2113 937 2177 tempore
951 2099 1038 2160 fletus

252 2195 488 2271 Plangoremque
502 2194 607 2268 lerunt,
623 2195 784 2270 vinctoque
799 2193 829 2252 in
843 2211 967 2269 corpore
981 2193 1152 2253 adhaerent

251 2287 352 2361 Quum
364 2287 407 2347 sic
421 2289 531 2365 hospes
545 2287 604 2347 ait:
626 2287 825 2346 Lacrimarum
840 2286 930 2361 longa
944 2304 1063 2345 manere
1189 2301 1228 2350 ⁶93

251 2381 403 2457 Tempora
412 2400 466 2439 vos
481 2390 639 2458 poterunt3
658 2380 696 2438 ad
711 2398 800 2456 opem
811 2378 908 2438 brevis
923 2379 996 2437 hora
1010 2379 1162 2438 ferendam
1173 2390 1225 2438 est.

209 2465 214 2474 ¹
252 2475 343 2533 Hanc
358 2493 414 2551 ego
428 2473 453 2533 si
467 2484 599 2551 peterem
615 2475 739 2532 Perseus
752 2473 828 2548 Jove
843 2482 929 2530 natus
945 2483 974 2530 et
988 2470 1047 2544 illa,

252 2568 351 2643 Quam
363 2568 492 2626 clausam
508 2566 641 2644 implevit
655 2566 788 2626 secundo
797 2565 914 2641 Jupiter
927 2583 1008 2637 auro,

251 2659 401 2737 Gorgonis
415 2659 609 2737 anguicomae
625 2661 748 2718 Perseus
762 2669 923 2735 superator,
936 2667 966 2717 et
980 2655 1034 2717 alis

251 2752 407 2812 Aetherias
422 2772 509 2812 ausus
520 2751 638 2830 jactatis
653 2751 694 2810 ire
709 2769 762 2827 per
774 2770 868 2824 auras,
1021 2819 1027 2833 ι

252 2846 416 2906 Praeferrer
429 2844 544 2905 cunctis
558 2856 637 2904 certe
651 2863 759 2921 gener:
781 2845 889 2904 addere
904 2844 995 2904 tantis

253 2939 383 2998 Dotibus
398 2950 427 2998 et
441 2937 754 2998 meritum—faveant
768 2939 860 2998 modo
875 2938 1147 3001 numina—tento.

255 3033 299 3092 Ut
313 3051 380 3091 mea
394 3031 440 3103 sit,
457 3042 572 3090 servata
585 3050 653 3091 mea
665 3032 781 3103 virtute,
797 3031 938 3107 paciscor.

253 3124 413 3201 Accipiunt
427 3125 572 3201 legem-
581 3123 647 3200 quis
661 3124 741 3184 enim
756 3123 904 3184 dubitaret
914 3127 973 3184 ?-
982 3135 1011 3184 et
1026 3135 1112 3185 orant

253 3217 491 3293 Promittuntque
506 3236 594 3293 super
607 3236 730 3294 regnum
745 3218 845 3277 dotale
859 3229 1006 3294 parentes

253 3311 341 3383 Ecce,
357 3311 437 3369 velut
452 3310 534 3370 navis
549 3311 680 3387 praefixo
694 3310 813 3371 concita
825 3322 921 3370 rostro

253 3404 355 3465 Sulcat
370 3422 470 3479 aquas,
484 3405 626 3479 juvenum
641 3403 818 3463 sudantibus
835 3414 901 3463 acta
917 3402 1041 3477 lacertis,

254 3497 303 3556 Sic
317 3497 386 3569 sera,
402 3496 523 3556 dimotis
538 3497 666 3574 impulsu
680 3495 809 3573 pectoris
822 3495 910 3554 undis
922 3518 929 3554 z

252 3591 383 3649 Tantum
399 3591 500 3649 aberat
514 3589 652 3666 scopulis,
669 3601 812 3665 quantum
829 3587 979 3647 Balearica
993 3597 1072 3649 torto

253 3682 359 3742 Funda
373 3694 471 3759 potest
486 3682 610 3758 plumbo
625 3681 716 3742 medii
730 3680 928 3741 transmittere
942 3681 1028 3755 coeli,

252 3776 354 3850 Quum
369 3776 468 3836 subito
479 3776 605 3852 juvenis,
622 3774 747 3851 pedibus
763 3773 865 3832 tellure
879 3775 1004 3849 repulsa,

253 3869 373 3928 Arduus
387 3867 417 3927 in
433 3869 528 3928 nubes
542 3867 622 3927 abiit
667 3864 754 3926 Utin
770 3884 897 3941 aequore
912 3885 1029 3926 summo

253 3962 369 4021 Umbra
383 3961 436 4020 viri
451 3961 514 4021 visa
528 3970 580 4033 est,
596 3959 689 4017 visam
704 3959 765 4018 sera
780 3958 872 4018 saevit
883 3959 913 4017 in
929 3962 1072 4021 umbram.

254 4055 357 4131 thue
370 4053 454 4130 Jovis
470 4071 602 4131 praepes,
617 4070 711 4111 vacuo
727 4070 819 4129 quum
834 4051 907 4112 vidit
921 4053 951 4112 in
966 4072 1038 4114 arvo

254 4148 450 4207 Praebentem
465 4145 589 4206 Phoebo
603 4145 725 4207 liventia
738 4157 820 4225 terga
834 4147 1003 4222 draconem,
