2610 4882
509 697 669 742 AENEIDOS
691 698 748 742 LlB.
773 698 792 742 Ι.

159 826 294 918 Impius
305 854 366 905 ante
378 861 443 903 aras
458 852 549 921 atque
563 843 625 903 auri
640 863 746 904 caecus
760 862 860 903 amore

159 924 268 996 Clam
280 938 344 997 lerro
356 937 508 1001 incautum
526 948 652 1015 superat,
669 957 788 997 securus
803 956 937 997 amorum

160 1020 335 1091 Germanae
344 1052 352 1104 ;
371 1032 542 1107 factumque
557 1031 608 1090 diu
623 1031 738 1103 celavit,
754 1041 784 1090 et
798 1050 923 1107 aegram,

163 1112 275 1183 Multa
286 1125 372 1184 malus
386 1123 537 1197 simulans,
552 1142 630 1183 vana
644 1143 697 1200 spe
712 1124 780 1183 lusit
794 1134 951 1184 amantem.

163 1208 255 1290 Ipsa
264 1217 307 1277 sod
320 1217 349 1276 iu
363 1216 477 1277 somnis
491 1216 637 1276 inhumati
652 1217 734 1276 venit
748 1217 846 1295 imago

163 1304 321 1388 Coniugis,
336 1328 387 1370 ora
400 1309 499 1369 modis
513 1309 653 1369 attollens
666 1309 778 1386 pallida
791 1309 871 1368 miris
882 1332 891 1384 3

166 1398 310 1462 Crudeles
323 1422 387 1462 aras
402 1403 583 1481 traiectaque
598 1413 720 1478 pectora
733 1404 809 1461 lerro

170 1490 307 1569 Nudavit,
323 1515 505 1572 caecumque
519 1496 627 1555 domus
641 1495 737 1555 scelus
752 1514 841 1554 omne
855 1493 968 1554 retexit.

166 1583 256 1647 Tun
267 1591 383 1649 celerare
399 1591 498 1666 sugam
513 1588 666 1665 patriaque
680 1589 822 1648 excedere
837 1588 950 1662 suadet,

171 1681 373 1759 Auxiliumque
388 1681 455 1741 viae
468 1694 582 1741 veteres
597 1681 700 1740 tellure
715 1679 839 1740 recludit

169 1769 340 1849 Thesauros,
356 1775 491 1854 ignotum
505 1774 618 1850 argenti
633 1774 751 1850 pondus
766 1785 795 1832 et
809 1772 881 1832 auri.

177 1861 243 1924 Ilis
253 1878 389 1928 commota
403 1869 502 1944 fugam
518 1866 600 1926 Dido
615 1867 774 1942 sociosque
789 1867 920 1943 parabat

178 1956 361 2034 Conveniunt,
378 1961 488 2038 quibus
502 1971 552 2020 aut
566 1960 668 2019 odium
683 1960 801 2019 crudele
817 1957 932 2036 tyranni

182 2051 337 2113 Armatus
351 2073 420 2114 acer
434 2065 515 2126 erat;
535 2072 634 2126 naves,
650 2072 727 2130 quae
741 2054 816 2112 sorte
831 2063 958 2129 paratae,

187 2143 344 2223 Corripiunt,
361 2157 544 2222 onerantque
559 2165 650 2219 auro;
670 2156 825 2223 portantur
838 2145 919 2205 avari

192 2233 365 2313 Pygmalionis
379 2259 454 2317 opes
468 2240 573 2316 pelago
585 2261 592 2312 ;
613 2238 673 2298 dux
688 2239 797 2298 semina
811 2237 889 2298 sacti.

194 2325 321 2393 Devenere
336 2335 426 2406 locos,
443 2332 493 2391 ubi
507 2350 587 2391 nunc
602 2332 733 2408 ingentia
746 2332 841 2391 cernis

200 2418 293 2485 aloem
306 2438 529 2503 surgentemque
544 2444 639 2484 novae
656 2425 847 2501 Karthaginis
861 2444 967 2499 arcem,
981 2454 985 2461 v

202 2512 351 2596 llereatique'
364 2520 471 2590 solum,
486 2518 554 2578 sacti
570 2519 607 2577 de
623 2518 743 2578 nomine
759 2521 887 2595 Byrsam,

205 2605 299 2671 Taurino
312 2625 454 2689 quantum
469 2623 590 2688 possent
605 2611 786 2670 circumdare
800 2623 891 2688 tergo

206 2698 243 2758 Sed
255 2724 296 2764 vos
309 2706 355 2782 qui
371 2705 500 2777 tandem,
517 2703 624 2781 quibus
639 2717 689 2764 aut
704 2704 823 2764 venistis
838 2707 876 2764 ab
891 2704 957 2779 oris,

206 2791 279 2864 Quove
291 2801 393 2858 tenetis
409 2799 482 2857 iter?
523 2797 684 2872 Quaerenti
700 2798 806 2857 talibus
822 2798 869 2858 ille

204 2883 320 2964 Suspirans
334 2892 454 2967 imoque
469 2891 587 2950 trahens
603 2910 619 2949 a
634 2903 754 2967 pectore
768 2911 872 2951 vocem
887 2915 893 2951 z

118 2992 122 3083 y
229 2981 314 3054 Odea
329 2985 353 3043 si
367 2983 462 3060 prima
476 2995 613 3060 repetens
628 2986 665 3043 ab
681 2984 793 3061 origine
808 3004 937 3062 pergam,

202 3069 228 3129 Et
239 3091 305 3136 vacet
319 3077 440 3137 annales
455 3090 621 3135 nostrorum
638 3076 737 3137 audire
754 3079 897 3150 laborum,

197 3166 256 3226 ilnte
267 3170 337 3230 diem
352 3171 454 3230 clauso
468 3182 630 3246 componat
645 3172 761 3247 Vesper
776 3172 915 3247 Olympo.

194 3259 246 3318 Nos
256 3263 336 3340 Troja
350 3263 481 3340 antiqua,
497 3263 520 3322 si
536 3276 646 3322 vestras
660 3265 734 3324 sorte
751 3284 804 3340 per
819 3282 903 3322 aures

190 3354 279 3430 Trojae
292 3377 398 3416 nomen
415 3355 456 3428 iit,
472 3357 586 3416 diversa
601 3376 653 3433 per
668 3376 796 3432 aequora
811 3368 913 3415 vectos

185 3448 261 3507 Forte
274 3470 322 3508 sua
337 3449 456 3526 Libycis
471 3461 631 3527 tempestas
647 3449 760 3526 appulit
775 3449 841 3508 oris.

178 3542 244 3602 Sum
256 3542 317 3618 pius
330 3546 457 3615 Aeneas,
474 3556 573 3620 raptos
588 3542 639 3618 qui
654 3562 691 3601 ex
706 3542 791 3600 hoste
808 3545 934 3600 Penates

175 3635 273 3695 Classe
287 3637 360 3695 veho
375 3655 500 3707 mecum,
514 3637 593 3694 sama
607 3655 695 3711 super
709 3635 829 3693 aethera
844 3646 940 3693 notus.

172 3727 285 3788 Italiam
300 3747 408 3805 quaero
425 3729 556 3805 patriam,
573 3740 602 3787 et
617 3747 710 3804 genus
725 3729 763 3786 ab
778 3729 853 3803 Jove
869 3746 990 3786 summo.
1106 3743 1144 3794 ‚ao

168 3821 222 3882 Bis
235 3821 315 3880 denis
331 3822 490 3899 Phrygium
505 3821 667 3880 conscendi
682 3821 807 3880 navibus
822 3838 941 3896 aequor,

165 3916 267 3976 Matre
281 3916 336 3974 dea
350 3926 533 3974 monstrante
549 3915 635 3985 viam,
652 3915 721 3972 data
735 3914 796 3972 sata
811 3925 930 3972 secutus
942 3933 950 3986 ;

162 4008 225 4066 Vix
240 4020 353 4084 septem
367 4007 528 4066 convulsae
544 4007 632 4065 undis
648 4009 786 4082 Euroque
802 4016 966 4083 supersunt.

161 4105 237 4180 lpse
253 4100 379 4178 ignotus,
394 4119 495 4178 egens,
512 4099 625 4178 Libyae
639 4100 756 4160 deserta
769 4119 902 4178 peragro,
