2610 4926
475 664 659 709 oroncrcou
680 665 740 709 nra
763 666 795 711 ra
1009 652 1014 659 '
1071 671 1125 713 ιιι

198 809 265 871 Unde
275 821 366 872 tremor
378 808 472 883 terris,
487 829 548 888 qua
561 810 589 870 vi
604 810 696 870 maria
710 813 770 871 alta
783 820 950 873 tumescant

195 904 311 979 Objicibus
322 904 411 982 mptis
424 922 585 980 rursusque
600 904 630 962 in
645 923 677 963 se
691 905 756 980 ipsa
770 905 908 977 residant,
1088 922 1127 972 aaa

194 996 251 1071 Quid
262 1009 358 1057 mutum
371 999 500 1058 Oceano
514 1008 673 1074 properent
688 1017 720 1056 se
734 997 867 1074 tinguere
881 999 960 1058 soles

193 1089 294 1164 litbemi,
306 1092 348 1150 vel
361 1109 440 1168 quae
454 1089 547 1150 tardis
561 1109 646 1149 mora
660 1090 798 1150 noctibus
812 1091 918 1150 obstet

191 1180 233 1254 Sin,
244 1183 286 1242 han
297 1202 331 1243 ne
344 1183 456 1260 possim
471 1193 594 1242 naturae
608 1184 750 1242 accedere
764 1194 873 1259 partes,

191 1272 289 1351 Fr'gidus
301 1276 443 1336 obstiterit
457 1277 569 1335 circum
584 1277 757 1352 praecordia
771 1275 898 1351 sanguis,

190 1365 248 1426 Rura
258 1369 319 1427 mihi
333 1382 362 1429 et
376 1368 449 1446 rigui
465 1371 603 1445 placeant
618 1369 648 1427 in
662 1368 789 1427 vallibus
803 1386 906 1426 amnes
918 1389 926 1441 ;
1087 1387 1124 1436 a,

187 1458 289 1520 llnmina
301 1480 395 1522 amem
410 1462 559 1537 silvasque
573 1460 722 1537 inglorius.
765 1461 803 1532 Ο,
819 1461 870 1518 ubi
884 1459 984 1537 campi

185 1551 380 1631 Spercheusque,
396 1566 427 1614 et
440 1553 603 1630 virginibus
616 1555 761 1613 bacchata
779 1553 923 1612 Lacaenis

183 1643 300 1723 Taygeta!
320 1666 348 1719 ο,
363 1646 414 1724 qui
429 1666 477 1706 me
491 1645 597 1723 gelidis
611 1646 795 1705 convallibus
812 1645 922 1705 Haemi

181 1737 253 1812 Sistat,
265 1752 293 1800 et
307 1739 417 1818 ingenti
431 1758 579 1799 ramorum
593 1751 728 1816 protegat
742 1740 865 1797 umbra!

180 1830 249 1905 Felix,
262 1833 309 1910 qui
322 1833 419 1911 potuit
432 1851 528 1892 rerum
543 1851 724 1909 cognoscere
738 1850 866 1903 caussas,

178 1924 255 2002 Atque
267 1938 360 1986 metus
373 1944 479 1985 omnes
493 1937 523 1985 et
537 1925 718 2009 inexorabile
733 1925 825 1983 latum

177 2016 282 2096 Subjecit
295 2019 421 2097 pedibus
434 2018 649 2095 strepitumque
664 2016 843 2077 Acherontis
857 2014 954 2077 avarii

177 2108 328 2172 luminatus
342 2123 373 2172 et
386 2111 445 2185 ille,
460 2111 534 2171 deos
549 2111 600 2188 qui
614 2111 698 2170 novit
712 2121 849 2187 agrestes,

177 2202 293 2281 Panaque
306 2205 516 2280 Silvanumque
531 2223 632 2263 senem
648 2204 862 2280 Nymphasque
877 2221 993 2263 sorores
1005 2205 1012 2262 l

177 2294 245 2354 illurn
258 2317 314 2357 non
331 2298 432 2375 populi
448 2299 549 2370 fasces,
564 2317 625 2355 non
641 2316 768 2373 purpura
783 2315 884 2373 regum

176 2387 251 2449 lleait
264 2402 291 2450 et
304 2391 411 2450 infidos
425 2391 539 2467 agitans
554 2390 701 2464 discordia
715 2390 826 2462 fratres,

175 2482 224 2541 Aut
234 2486 381 2560 conjurato
395 2485 580 2543 descendens
597 2485 697 2542 Dacus
711 2485 749 2541 ab
766 2483 880 2556 Histro,

175 2573 230 2632 Non
243 2595 285 2634 res
299 2579 453 2636 Romanae
468 2577 653 2653 perituraque
668 2595 777 2652 regna;
798 2595 896 2652 neque
910 2576 960 2636 ille

174 2668 223 2726 Aut
235 2669 322 2728 doluit
337 2670 479 2728 miserans
494 2670 622 2745 inopem,
638 2679 688 2727 aut
703 2669 807 2728 invidit
822 2669 953 2729 habenti.

174 2759 243 2833 Quos
255 2762 324 2820 rami
340 2764 458 2835 imctus,
474 2781 549 2839 quos
563 2762 627 2839 ipsa
641 2762 771 2821 volentia
784 2782 850 2821 rura

172 2852 269 2928 Sponte
283 2856 374 2914 tulere
389 2875 450 2928 sua,
465 2855 582 2932 carpsit,
598 2875 654 2914 nec
670 2858 761 2915 ferrea
773 2858 839 2931 jura

171 2944 356 3023 insanumque
371 2948 464 3005 forum
480 2960 530 3007 aut
544 2948 645 3025 populi
661 2949 804 3007 tabularia
818 2948 898 3007 vidit

169 3039 317 3100 Sollicitant
332 3039 382 3098 alii
397 3041 482 3099 remis
498 3041 571 3100 freta
584 3061 682 3113 caeca,
698 3047 844 3117 ruuntque

168 3132 199 3190 Iu
212 3133 321 3204 serrum,
337 3144 493 3208 penetrant
507 3134 587 3193 aulas
601 3147 632 3194 et
645 3135 747 3193 limina
761 3153 861 3210 regum
874 3155 883 3207 ;

166 3228 220 3287 Hic
232 3230 303 3306 petit
318 3228 455 3288 exscidtis
469 3231 571 3288 urbem
586 3232 768 3306 miserosque
784 3233 920 3302 Penates,
1091 3258 1127 3297 ,ος

165 3321 204 3380 Ut
215 3340 330 3397 gemma
345 3321 428 3380 bibat
443 3332 472 3380 et
488 3324 614 3382 Sarrano
628 3324 754 3382 dormiat
770 3309 870 3396 ostro}

163 3415 267 3474 Condit
281 3434 354 3491 opes
369 3414 452 3486 alius
468 3415 646 3491 defossoque
661 3417 781 3475 incubat
796 3435 887 3488 auro;

162 3507 219 3566 Hic
232 3519 329 3584 stupet
344 3507 487 3567 attonitus
503 3509 618 3566 Rostris
632 3531 639 3578 3
660 3509 737 3567 hunc
753 3511 874 3585 plausus
889 3507 1021 3568 hiantem

161 3601 214 3659 Per
226 3619 336 3660 cuneos
349 3600 516 3677 geminatus
531 3600 609 3659 enim
625 3601 782 3677 plebisque
798 3613 973 3677 patrumque

160 3694 302 3770 Corripuit
314 3715 322 3766 ;
341 3694 473 3770 gaudent
487 3693 596 3769 perfusi
610 3694 752 3770 sanguine
767 3695 894 3766 fratrum,
1090 3722 1128 3760 ,ιο
1182 3720 1185 3725 ·

160 3787 326 3863 Exsilioque
342 3787 451 3845 domos
465 3796 495 3843 et
508 3786 607 3845 dulcia
621 3787 721 3860 limina
737 3798 859 3859 mutant,

158 3882 256 3956 Atque
269 3879 328 3938 alio
343 3877 470 3955 patriam
485 3889 629 3953 quaerunt
643 3882 697 3939 sub
713 3881 775 3938 sole
788 3882 946 3955 jacentem.

157 3973 294 4050 Agricola
310 3972 434 4030 incurvo
449 3981 554 4028 terram
569 3972 692 4030 dimovit
707 3985 820 4031 aratro:

157 4065 239 4124 Hinc
254 4063 324 4124 anni
338 4064 433 4135 labor,
449 4062 519 4120 hinc
533 4063 656 4139 patriam
671 4083 835 4140 parvosque
850 4067 977 4123 Penates
