2610 4926
403 693 613 738 remmom
635 695 694 739 ms
718 696 765 739 lll.
1034 694 1070 756 25

23 834 29 846 ’
55 836 58 843 ’
101 842 173 902 Tota
185 850 298 919 patent,
314 836 436 916 imoque
450 839 544 916 pedes
557 839 589 900 in
603 839 736 918 margine
750 849 875 917 ponunt

99 936 224 996 Territus
237 935 326 993 hoste
340 950 421 991 novo
436 933 569 993 Cadmus
583 952 690 1010 capere
703 951 786 993 arma
799 933 941 1009 parabat:
1001 1012 1004 1017 Ι
1037 958 1071 996 ns

98 1030 143 1088 Ne
156 1047 238 1105 cape,
253 1027 294 1086 de
308 1026 422 1103 populo
437 1043 528 1101 quem
538 1036 618 1085 terra
631 1024 781 1086 creaverat
794 1044 871 1085 unus

97 1122 257 1193 Exclamat,
273 1137 331 1179 nec
345 1128 375 1178 te
389 1116 526 1177 civilibus
539 1117 635 1178 insere
649 1117 754 1178 bellis!

97 1217 193 1291 Atque
207 1213 250 1273 ita
263 1210 416 1289 terrigenis
430 1209 525 1287 rigido
539 1209 577 1270 de
591 1211 728 1271 fratribus
741 1230 833 1271 uuum

95 1307 239 1368 Cominus
253 1325 325 1376 ense
339 1304 425 1379 serit3
444 1304 545 1380 jaculo
558 1303 639 1363 cadit
652 1303 769 1363 eminus
782 1304 854 1381 ipse.

96 1400 155 1460 llic
169 1418 299 1477 quoque,
315 1398 367 1476 qui
382 1398 505 1459 dederat
518 1398 588 1470 leto,
604 1385 666 1456 non
680 1397 797 1474 longius
811 1396 863 1457 illo

94 1493 182 1566 Vicit,
197 1504 228 1553 et
242 1492 379 1569 exspirat,
394 1491 487 1552 modo
501 1509 576 1568 quas
589 1502 753 1567 acceperat,
766 1509 852 1551 suras
860 1509 872 1565 5

95 1587 300 1664 Exemploque
314 1584 378 1663 pari
391 1584 459 1645 furit
473 1584 570 1644 omnis
584 1585 808 1660 turba‚·suoque

95 1680 191 1749 hlarte
205 1679 318 1739 cadunt
331 1676 420 1737 subiti
434 1697 488 1755 per
500 1689 603 1737 mutua
615 1678 737 1737 vulnera
750 1676 861 1737 iratres.

92 1772 220 1849 Jamque
234 1770 332 1831 brevis
344 1770 423 1831 vitae
437 1769 565 1847 spatium
579 1770 682 1831 sortita
693 1771 833 1847 juventus

92 1864 290 1942 Sanguineam
305 1863 421 1941 trepido
435 1865 616 1941 plangebant
630 1875 750 1941 pectore
763 1873 897 1936 matrem,
1034 1891 1069 1939 υ,

92 1958 235 2034 Quinque
248 1956 463 2034 superstitibus,
478 1976 604 2033 quorum
619 1956 672 2016 fuit
687 1976 763 2017 unus
779 1955 904 2017 Echion.

93 2052 123 2110 Is
137 2070 192 2110 sua
203 2050 277 2126 jecit
290 2048 374 2109 humi
388 2049 502 2110 monitu
516 2049 681 2111 Tritonidis
695 2068 785 2124 mma,

92 2145 310 2220 Fntemaeque
325 2143 416 2202 fidem
430 2142 512 2219 pacis
526 2142 671 2220 petiitque
685 2142 836 2220 deditque.

92 2238 161 2297 Hos
175 2236 275 2314 operis
288 2235 414 2295 comites
428 2235 531 2296 habuit
544 2235 685 2297 Sidonius
698 2237 817 2313 hospes,

93 2333 193 2407 Quurn
207 2329 308 2408 posuit
321 2331 434 2405 jussam
449 2329 599 2390 Phoebeis
613 2331 743 2390 sortibus
756 2330 868 2389 urbem.
1033 2360 1069 2399 130

191 2432 209 2464 Ἰ

94 2517 148 2575 Ille
160 2526 244 2576 metu
256 2533 377 2587 vacuus,
393 2516 513 2574 Nomen
528 2513 609 2587 mihi,
625 2514 707 2587 dixit,
722 2517 862 2589 Acoetes,

94 2608 190 2668 Patria
204 2606 349 2667 Maeonia
361 2617 414 2679 est,
431 2607 534 2666 humili
548 2608 586 2667 de
600 2608 689 2684 plebe
702 2620 847 2685 parentes.

94 2702 162 2761 Non
177 2700 260 2774 mihi,
275 2719 353 2776 quae
368 2699 432 2759 duri
447 2702 588 2773 colerent,
604 2712 695 2776 pater,
711 2720 780 2760 arva
792 2699 920 2777 juvenci,

94 2794 291 2871 lanigerosve
305 2812 416 2870 greges,
433 2812 494 2852 non
509 2795 570 2854 ulla
584 2806 716 2854 armenta
730 2794 865 2871 reliquit:
1032 2810 1069 2861 ⁵⁸⁵

95 2888 206 2964 Pauper
220 2897 251 2947 et
266 2886 329 2963 ipse
343 2886 405 2959 suit,
421 2886 542 2963 linoque
557 2887 673 2947 solebat
687 2898 717 2947 et
731 2887 828 2947 hamis

95 2980 239 3058 Decipere
254 2991 285 3040 et
298 2981 414 3040 calamo
429 2980 567 3040 salientes
581 2979 689 3041 ducere
704 2979 801 3056 pisces
813 3002 821 3053 ;

95 3075 149 3133 Ars
163 3073 204 3133 illi
220 3092 274 3133 sua
282 3092 395 3133 census
409 3085 479 3133 erat
522 3075 625 3149 Quum
639 3074 766 3133 traderet
781 3083 883 3145 artem,

94 3167 204 3243 Accipe
220 3185 295 3243 quas
309 3166 416 3237 habeo,
432 3164 520 3225 studii
535 3185 689 3226 successor
703 3177 732 3226 et
746 3167 840 3238 heres,

95 3260 183 3332 Dixit,
199 3278 284 3336 opes,
300 3259 488 3334 moriensque
502 3258 574 3318 mihi
589 3259 662 3318 nihil
676 3260 726 3319 ille
741 3258 859 3334 reliquit
1033 3288 1071 3327 ⁵90

95 3354 212 3412 Praeter
227 3370 337 3429 aquas:
358 3370 451 3411 unum
466 3352 524 3412 hoc
538 3371 663 3428 possum
678 3353 826 3429 appellare
841 3362 1006 3428 paternum.

95 3446 167 3505 Mox
180 3464 247 3522 ego,
264 3463 302 3504 ne
317 3444 448 3521 scopulis
462 3445 613 3504 haererem
628 3464 744 3522 semper
759 3446 789 3505 in
803 3446 908 3519 isdem,

93 3538 232 3599 Addidici
245 3537 377 3614 regimen
392 3538 496 3597 dextra
510 3538 684 3598 moderante
698 3539 816 3600 carinae

94 3631 234 3704 Flectere,
251 3641 281 3690 et
295 3624 422 3690 Oleniae
437 3630 517 3690 sidus
532 3630 661 3708 pluviale
676 3634 819 3709 Capellae

92 3725 304 3800 Taygetenque
321 3724 506 3800 Hyadasque
521 3723 615 3783 oculis
628 3728 802 3800 Arctonque
817 3725 928 3799 notavi,
1034 3751 1070 3790 sos

92 3818 316 3892 Ventorumque
331 3817 439 3875 domos
453 3828 483 3875 et
497 3828 600 3893 portus
615 3817 764 3894 puppibus
778 3830 874 3895 aptos.

92 3911 179 3969 Forte
194 3920 300 3986 petens
316 3910 425 3981 Delon,
442 3909 536 3969 Chiae
551 3910 661 3969 telluris
675 3911 713 3969 ad
729 3928 795 3970 oras

91 4003 244 4079 Applicor,
259 4012 290 4062 et
304 4001 416 4061 dextris
430 4002 564 4062 adducor
578 4001 664 4061 litora
677 4003 774 4075 remis,

91 4097 200 4172 Doque
214 4095 295 4155 leves
311 4095 402 4154 saltus
415 4095 552 4171 udaeque
567 4094 709 4155 immittor
723 4114 838 4157 arenae
