2610 4926
404 665 614 709 HETAMORPH.
636 665 695 707 mn.
718 665 746 707 V.

96 810 267 873 Trinacriam
282 819 352 871 ante
367 809 449 885 alias,
463 809 495 870 in
510 830 569 888 qua
582 809 705 888 vestigia
719 807 821 870 damni

94 906 217 985 Reperit
262 907 342 982 Fugo
356 903 417 964 illic
431 923 521 964 saeva
534 904 677 964 vertentia
690 905 793 981 glebas

93 1000 185 1078 Fregit
198 1010 294 1058 aratra
307 1017 408 1071 manu,
424 996 568 1074 parilique
582 997 656 1057 irata
669 998 793 1058 colonos

91 1093 301 1170 Ruricolasque
316 1093 411 1152 boves
425 1092 486 1150 leto
501 1090 591 1163 dedit,
608 1109 736 1166 arvaque
748 1087 835 1166 jussit

91 1189 200 1247 Fallere
214 1184 396 1263 depositum,
412 1182 572 1260 vitiataque
586 1182 701 1243 semina
714 1182 791 1243 fecit

91 1281 231 1340 Fertilitas
246 1290 351 1351 terrae,
368 1279 461 1337 latum
475 1278 595 1354 vulgata
609 1296 661 1353 per
675 1278 788 1349 orbem,
828 1311 837 1331 .

90 1375 180 1434 Cassa
191 1375 291 1451 jacet:
311 1371 414 1449 primis
429 1381 545 1448 segetes
561 1369 725 1430 moriuntur
738 1368 769 1428 in
784 1367 892 1442 herbis,

91 1469 126 1525 Et
139 1467 230 1526 modo
245 1466 291 1525 sol
304 1464 420 1538 nimius,
437 1463 546 1524 nimius
561 1463 654 1523 modo
668 1461 789 1538 corripit
803 1461 919 1537 imber3

89 1560 247 1636 Sideraque
261 1558 402 1635 ventique
416 1570 534 1631 nocent,
551 1556 716 1633 avidaeque
730 1556 867 1616 volucres

89 1652 206 1712 Semina
216 1654 300 1728 jacta
312 1652 433 1729 legunt;
452 1651 556 1712 lolium
571 1649 730 1727 tribulique
743 1647 869 1726 fatigant

90 1745 232 1805 Triticeas
246 1753 359 1805 messes
373 1755 404 1803 et
419 1743 647 1821 inexpugnabile
660 1761 790 1820 gramen

90 1840 164 1898 Tum
178 1849 270 1916 caput
284 1837 365 1897 Eleis
378 1838 521 1915 Alpheias
537 1836 641 1897 extulit
655 1835 752 1909 undis,

91 1933 296 2008 Rorantesque
310 1950 412 1991 comas
426 1950 445 1991 a
458 1932 553 1991 fronte
567 1929 693 1990 removit
707 1929 746 1989 ad
761 1947 855 2002 aures,

89 2027 187 2102 Atque
202 2024 261 2084 ait:
283 2025 312 2086 O
326 2034 392 2085 toto
405 2025 557 2101 quaesitae
571 2022 690 2100 virginis
704 2023 777 2082 orbe

92 2119 126 2177 Et
139 2118 256 2195 frugum
270 2118 406 2194 genitrix,
421 2117 583 2178 immensos
597 2117 668 2176 siste
682 2117 809 2189 labores,

92 2212 172 2271 Neve
187 2210 241 2271 tibi
256 2211 334 2271 fidae
348 2211 479 2270 violenta
493 2209 617 2270 irascere
632 2221 734 2269 terrae.

91 2305 178 2363 Terra
191 2304 265 2364 nihil
280 2303 394 2375 meruit,
410 2303 564 2381 patuitque
579 2302 671 2362 invita
685 2301 813 2379 rapinae.

92 2399 153 2457 Nec
168 2417 235 2457 sum
250 2417 304 2474 pro
319 2397 414 2473 patria
427 2398 571 2473 supplex:
592 2397 650 2455 huc
665 2397 784 2472 hospita
796 2393 884 2454 veni:

93 2491 157 2549 Pisa
170 2492 243 2550 mihi
258 2491 353 2568 patria
367 2502 420 2563 est,
437 2502 465 2550 et
480 2492 519 2551 ab
535 2491 621 2550 Elide
637 2490 773 2549 ducimus
788 2500 888 2561 ortus;

94 2584 238 2643 Sicaniam
253 2583 408 2660 peregrina
422 2585 497 2656 colo,
514 2584 568 2643 sed
581 2584 690 2659 gratior
703 2583 785 2641 omni
1027 2606 1065 2644 os

94 2679 176 2737 Haec
191 2677 263 2736 mihi
278 2689 355 2737 terra
369 2677 433 2736 solo
448 2688 513 2736 est:
534 2677 590 2735 hos
605 2696 685 2735 nunc
699 2677 847 2734 Arethusa
860 2683 993 2752 penates,

95 2773 180 2830 Hanc
195 2772 293 2830 habeo
308 2771 419 2841 sedern,
435 2789 525 2846 quam
540 2780 580 2842 tu,
596 2768 758 2841 mitissima,
767 2787 865 2827 serva

94 2864 177 2923 Mota
191 2865 260 2923 loeo
276 2884 328 2923 cur
343 2864 397 2922 sim
412 2863 546 2939 tantique
561 2882 614 2939 per
628 2861 764 2938 aequoris
779 2863 874 2921 undas

95 2958 230 3016 Advehar
246 2957 408 3035 Ortygiam,
424 2949 523 3016 veniet
538 2954 702 3015 narratibus
717 2956 791 3013 hora

93 3050 280 3126 Tempestiva
294 3051 388 3122 meis;
408 3069 499 3126 quum
514 3060 545 3109 tu
560 3049 696 3124 curisque
711 3049 808 3106 levata

95 3144 129 3201 Et
143 3145 239 3202 uultus
255 3142 384 3202 melioris
399 3142 463 3202 eris.
508 3142 586 3201 Mihi
601 3141 701 3218 pervia
715 3142 802 3199 tellus
878 3190 880 3194 .

95 3236 216 3294 Praebet
231 3235 294 3308 iter,
310 3237 470 3312 subterque
485 3235 559 3294 imas
574 3236 673 3294 ablata
687 3252 827 3292 cavernas

95 3328 152 3387 Hic
168 3342 255 3406 caput
271 3330 375 3389 attollo
390 3330 571 3405 desuetaque
586 3329 683 3386 sidera
697 3345 795 3386 cerno.

93 3422 178 3498 Ergo,
195 3423 265 3481 dum
283 3421 384 3498 Stygio
399 3424 454 3481 sub
469 3421 552 3480 terris
566 3420 679 3497 gurgite
693 3421 785 3493 labor,

92 3514 164 3573 Visa
179 3527 230 3574 tua
243 3527 289 3574 est
304 3514 397 3574 oculis
412 3514 472 3573 illic
488 3514 664 3589 Proserpina
678 3512 793 3572 nostris.

94 3608 148 3667 Illa
162 3592 282 3684 quidem
298 3607 387 3666 tristis
402 3626 457 3666 nec
473 3607 571 3666 adhuc
586 3606 717 3665 interrita
731 3607 822 3679 vultu,

92 3701 148 3760 Sed
164 3701 263 3777 regina
278 3712 387 3772 tamen,
403 3701 457 3759 sed
471 3700 558 3776 opaci
573 3699 702 3761 maxima
716 3698 829 3771 mundi,

93 3794 152 3853 Sed
167 3805 265 3853 tamen
280 3793 386 3852 inferni
401 3794 519 3869 pollens
534 3805 672 3851 matrona
687 3791 808 3868 tyranni
831 3825 833 3829 Α

132 3888 230 3945 Mater
245 3887 282 3945 ad
298 3885 415 3945 auditas
430 3885 550 3962 stupuit,
567 3905 622 3945 ceu
638 3904 733 3957 saxea,
750 3903 849 3958 voceS,

90 3978 302 4055 ⁴ittonitaeque
319 3978 369 4038 diu
384 3979 488 4038 similis
502 3979 563 4038 suit.
609 3981 711 4054 thue
726 3978 829 4037 dolore
1034 4003 1071 4040 Sto

91 4074 179 4132 Pulsa
193 4073 273 4150 gravi
287 4071 384 4150 gravis
399 4084 444 4133 est
458 4071 596 4145 amentia,
613 4071 744 4131 curribus
759 4089 845 4130 auras
