2610 4926
165 743 220 801 106
478 756 504 799 Ρ.
526 755 658 799 vincturi
680 752 822 798 unnouts

162 903 192 961 N
194 920 248 960 eve
262 900 338 960 inter
351 900 427 960 vites
441 899 573 978 corylum
587 919 651 959 sere
662 923 671 974 ;
691 918 767 958 neve
781 896 899 976 flagella

163 995 285 1055 Summa
298 1004 375 1070 pete,
391 1003 441 1052 aut
455 1011 571 1052 summa
585 992 717 1070 defringe
731 1010 768 1050 ex
782 991 887 1050 arbore
899 988 1039 1067 plantas3

161 1089 189 1146 T
190 1097 278 1146 antus
292 1105 375 1145 amor
388 1097 482 1145 terrae
496 1107 504 1159 3
525 1103 584 1144 neu
598 1085 675 1144 ferro
689 1084 774 1143 laede
789 1093 911 1143 retunso
1040 1072 1043 1079 ’

164 1179 304 1251 Semina3
324 1198 399 1237 neve
414 1179 498 1237 oleae
513 1177 656 1237 silvestris
670 1178 768 1236 insere
783 1186 924 1236 truncos:

163 1273 242 1330 Nam
256 1290 346 1347 saepe
361 1271 487 1329 incautis
500 1270 669 1347 pastoribus
683 1269 793 1350 excidit
807 1268 893 1347 ignis,

163 1366 232 1439 Qui,
248 1365 347 1423 furtim
362 1364 464 1441 pingui
479 1364 605 1440 primum
620 1362 674 1421 sub
688 1362 798 1422 cortice
813 1372 918 1435 tectus,

164 1459 286 1517 Robora
300 1456 496 1533 comprendit,
512 1455 692 1531 frondesque
708 1455 826 1532 elapsus
840 1454 870 1514 in
884 1456 961 1515 altas
997 1476 1004 1489 ·

164 1551 322 1627 Ingentem
336 1549 422 1608 coelo
436 1548 571 1608 sonitum
581 1547 686 1621 dedit3
707 1548 777 1606 inde
792 1557 912 1607 secutus

163 1644 222 1701 Per
236 1661 334 1700 ramos
349 1641 442 1699 victor
455 1659 567 1717 perque
581 1641 642 1701 alta
655 1639 809 1699 cacumina
822 1649 934 1718 regnat,

164 1736 202 1795 Et
217 1744 311 1793 totum
326 1733 449 1794 involvit
462 1732 589 1792 flammis
604 1751 718 1805 nemus,
733 1742 763 1792 et
777 1733 835 1792 ruit
848 1744 942 1792 atram
1029 1736 1031 1741 '

164 1827 213 1887 Ad
228 1828 344 1887 coelum
359 1827 443 1902 picea
457 1844 574 1886 crassus
587 1826 714 1903 caligine
728 1825 847 1898 nubem,

164 1919 342 1979 Praesertim
357 1919 382 1978 si
397 1929 560 1995 tempestas
575 1918 715 1978 avertice
729 1916 812 1976 silvis

164 2013 312 2085 Incubuit,
327 2013 530 2090 glomeratque
545 2011 642 2070 ferens
657 2010 797 2070 incendia
810 2019 924 2070 ventus.

165 2108 237 2165 Hoc
251 2106 311 2178 ubl,
328 2125 388 2164 non
402 2125 421 2164 a
435 2105 527 2182 stirp'e
541 2105 641 2164 valent
654 2096 819 2180 caes'aeque
833 2102 938 2164 reverti

165 2202 295 2259 Possunt
308 2208 398 2274 atque
412 2199 471 2257 ima
486 2198 597 2257 similes
611 2197 788 2256 revirescere
803 2207 880 2256 terra
888 2217 897 2271 ;

166 2291 274 2351 Infelix
288 2301 409 2367 superat
424 2291 502 2349 foliis
517 2292 645 2350 oleaster
659 2290 772 2348 amaris.

206 2386 272 2443 Nec
286 2384 339 2442 tibi
356 2395 415 2442 tam
431 2383 561 2459 prudens
577 2383 733 2459 quisquam
748 2381 923 2458 persuadeat
936 2391 1040 2441 auctor

102 2522 106 2531 .
165 2477 317 2535 Tellurem
334 2479 427 2534 Borea
442 2476 565 2553 rigidam
581 2476 711 2550 spirante
727 2493 853 2533 movete.

168 2571 251 2628 Rura
264 2570 332 2646 gelu
348 2580 418 2628 tunc
433 2568 544 2628 claudit
559 2568 662 2639 hiems,
679 2587 735 2626 nec
749 2567 863 2626 semine
880 2566 963 2644 jacto

166 2664 346 2722 Concretam
361 2662 470 2738 patitur
484 2662 613 2720 radicem
628 2662 747 2738 affigere
763 2652 882 2720 terrae.¹

166 2756 290 2831 Optima
304 2757 411 2814 vinetis
426 2755 510 2826 sati0,
527 2774 616 2830 quum
631 2774 699 2812 vere
715 2754 831 2813 rubenti

166 2849 303 2907 Candida
318 2848 398 2907 venit
411 2848 474 2907 avis
490 2848 584 2922 longis
599 2846 693 2905 invisa
707 2847 847 2917 colubris
1110 2872 1147 2911 φο

166 2941 265 2999 Prima
279 2941 326 2999 vel
342 2941 473 2999 autumni
489 2941 545 2998 sub
560 2941 676 3017 frigora,
692 2959 782 3015 quum
797 2937 917 3015 rapidus
933 2937 984 2998 Sol

166 3034 309 3092 Nondum
324 3034 451 3092 hiemem
467 3032 612 3109 contingit
627 3033 720 3108 equis,
741 3035 803 3107 jam
817 3032 957 3108 praeterit
972 3040 1079 3094 aestas.

165 3127 227 3184 Ver
240 3127 316 3185 adeo
331 3127 428 3184 frondi
443 3144 606 3198 nemorum,
622 3145 673 3183 ver
687 3126 758 3184 utile
773 3125 863 3196 silvis,

166 3221 246 3277 Vere
262 3230 376 3278 tument
391 3230 484 3278 terrae
500 3230 529 3278 et
544 3219 685 3296 genitalia
699 3219 814 3277 semina
828 3227 962 3294 poscunt

166 3313 244 3369 Tum
258 3325 341 3388 pater
355 3296 545 3388 omnipotens
561 3313 695 3370 fecundis
711 3311 854 3369 imbribus
869 3311 981 3368 Aether
1112 3341 1149 3380 ,ις

167 3404 310 3481 Conjugis
325 3403 353 3461 in
369 3406 512 3481 gremium
529 3405 624 3464 laetae
639 3403 804 3473 descendit,
821 3414 850 3461 et
865 3421 969 3462 omnes

168 3498 297 3573 Magnus
312 3497 371 3568 alit,
388 3516 496 3573 magno
511 3498 686 3555 commixtus
701 3515 836 3572 corpore,
852 3497 935 3554 fetus.

168 3586 245 3644 Avia
259 3597 320 3645 tum
335 3597 476 3646 resonant
491 3587 593 3645 avibus
608 3586 734 3663 virgulta
749 3587 874 3657 canoris,

169 3681 207 3736 Et
222 3680 370 3738 Venerem
385 3680 472 3737 certis
486 3690 624 3754 repetunt
638 3690 771 3736 armenta
786 3679 892 3736 diebus
904 3699 912 3751 ;

169 3772 295 3830 Parturit
310 3773 404 3830 almus
419 3791 497 3848 ager,
513 3771 697 3846 Zephyrique
713 3771 881 3846 tepentibus
896 3769 975 3827 auris
1112 3800 1153 3838 ³³0

169 3867 284 3924 Laxant
298 3884 368 3922 arva
382 3865 462 3922 sinus
474 3886 481 3936 3
502 3873 620 3938 superat
634 3874 719 3921 tener
733 3865 871 3922 omnibus
886 3865 1011 3936 humor;
1094 3876 1101 3892 '

170 3961 265 4034 lnque
281 3976 375 4015 novos
390 3957 469 4014 soles
483 3957 594 4014 audent
609 3975 640 4015 se
654 3958 787 4034 gramina
801 3968 865 4016 tuto

169 4051 319 4120 Credere;
340 4067 395 4107 nec
410 4048 513 4107 metuit
529 4051 675 4126 surgentis
690 4052 847 4126 pampinus
861 4060 978 4108 austros

168 4147 229 4203 Aut
242 4152 341 4201 actum
355 4141 442 4200 coelo
456 4141 572 4221 magnis
586 4144 775 4220 aquilonibus
790 4144 924 4215 imbrem,
