2610 4926
509 112 666 155 AENEIDOS
688 112 746 153 LlB.
771 112 803 152 11.

185 242 406 334 Praecipitesque
422 257 513 316 trahit
527 257 625 328 silvas,
642 267 742 333 stupet
756 256 866 315 inscius
880 254 942 314 alto

175 340 335 425 Accipiens
348 351 475 410 sonitum
492 350 553 409 saxi
569 350 607 408 de
621 349 731 408 vertice
745 360 854 426 pastor.

171 429 268 499 Tum
279 461 337 502 uero
350 442 507 501 manifesta
520 442 604 515 fides,
622 443 819 518 Danaumque
833 448 992 517 patescunt

165 521 317 594 Insidiae
354 536 419 611 Jam
437 534 589 611 Deiphobi
604 534 688 593 dedit
701 535 799 610 ampla
813 533 926 592 ruinam
1111 556 1150 595 a»

162 611 314 684 Vuuno
325 635 482 703 superante
495 625 612 694 domus,
625 625 687 702 jam
701 624 852 701 proximus
866 623 952 683 ardet

161 702 351 794 Uolegou3
369 718 456 796 Sigea
470 717 532 796 igni
546 717 621 777 freta
635 718 695 777 lata
709 718 850 776 relucent.

160 796 314 868 Erorinu
324 811 493 886 clamorque
506 810 601 870 virum
615 810 796 888 clangorque
810 809 953 869 tubarcuu.

158 896 277 960 Ausa
287 921 382 963 amens
396 903 504 980 capio;
524 921 581 963 uec
595 913 641 963 sat
654 903 776 963 rationis
790 902 822 960 in
835 902 943 975 armis;

160 983 252 1053 Sed
261 994 410 1072 glomerare
425 1014 546 1055 manum
560 996 641 1055 bello
655 1004 685 1054 et
699 1013 873 1055 concurrere
888 994 919 1052 in
933 1011 1032 1053 arcem
1111 1018 1150 1059 as

159 1079 263 1145 Cum
274 1088 355 1148 sociis
368 1088 475 1149 ardent
488 1088 579 1148 animi
590 1110 599 1162 ;
618 1088 699 1148 furor
713 1088 814 1165 iraque
829 1098 960 1146 mentem

164 1166 381 1257 Praecipitant,
395 1181 612 1258 pulchrumque
626 1181 700 1240 mori
715 1181 857 1241 succurrit
871 1180 902 1238 in
916 1179 1014 1239 armis

236 1269 297 1333 Ecce
308 1285 406 1333 autem
420 1274 488 1334 telis
503 1274 637 1333 Panthus
651 1273 770 1350 elapsus
785 1273 942 1345 Achivum,

173 1348 308 1425 I'authus
320 1366 500 1444 Othryades,
514 1365 591 1426 arcis
606 1365 780 1442 Phoebique
794 1365 944 1437 sacerdos,

185 1446 272 1515 Stoa
282 1476 369 1519 manu
381 1458 537 1536 victosque
551 1459 626 1519 deos
640 1477 824 1536 parvumque
838 1469 980 1535 nepotem
1113 1482 1152 1522 s-

189 1534 255 1618 ]tte
266 1550 356 1625 trahit,
371 1569 519 1628 cursuque
533 1570 637 1613 amens
650 1551 689 1611 ad
703 1551 806 1611 limina
820 1551 924 1610 tendit

194 1631 253 1707 (lto
264 1661 306 1702 res
319 1662 436 1703 sumum
448 1643 525 1717 loco,
541 1645 678 1704 Panthu?
699 1663 788 1721 quarn
802 1644 977 1721 prendimus
991 1643 1110 1704 arcem?

198 1721 287 1796 Vua
297 1736 375 1796 latus
388 1754 479 1810 eram,
494 1736 606 1814 gemitu
620 1756 688 1796 cum
703 1737 774 1797 talia
787 1737 903 1796 reddit:

198 1813 271 1887 luit
283 1848 399 1889 summa
412 1829 478 1889 dies
491 1840 521 1889 et
534 1830 724 1890 ineluctabile
739 1841 856 1906 tempus

199 1905 361 1982 Damam·
399 1922 521 1983 Fuimus
533 1923 639 1995 Troes,
654 1922 708 1982 fuit
723 1923 811 1981 Ilium
826 1934 855 1982 et
870 1922 975 2000 ingens
1115 1947 1154 1988 aas

196 2001 282 2074 Gloria
293 2016 477 2074 Teucrorum
488 2037 498 2088 ;
517 2014 596 2075 ferus
609 2015 710 2076 omnia
722 2015 860 2092 Juppiter
874 2018 973 2093 Argos

192 2091 342 2167 Transtulit
355 2129 362 2167 :
381 2107 505 2167 incensa
519 2107 617 2167 Danai
630 2108 821 2168 dominantur
834 2108 865 2167 in
878 2108 959 2168 urbe

187 2189 298 2260 Arctum
311 2209 443 2261 armatos
456 2200 563 2260 mediis
576 2201 607 2259 in
621 2201 778 2261 moenibus
792 2201 916 2260 adstans

186 2277 292 2351 Fundit
305 2311 409 2369 equus,
423 2288 576 2369 victorque
590 2293 681 2353 Sinon
693 2292 832 2352 incendia
846 2293 952 2353 miscet

184 2372 343 2444 Insultans.
388 2386 485 2445 Portis
498 2387 549 2445 alii
563 2387 765 2462 bipatentibus
779 2387 897 2457 adsunt,
1119 2405 1158 2445 aas

185 2467 270 2537 ltitia
282 2475 355 2554 quui
368 2478 484 2556 maguis
496 2498 636 2555 umquam
651 2498 758 2538 venere
774 2479 911 2556 Mycenis
922 2499 932 2551 ;

188 2565 338 2629 Obsedere
352 2570 402 2630 alii
417 2571 484 2630 telis
497 2582 622 2649 angusta
635 2572 747 2630 viarum

191 2656 342 2738 Oppositi3
362 2673 422 2722 stat
436 2663 503 2722 ferri
518 2663 597 2723 acies
613 2682 753 2722 mucrone
768 2682 892 2723 corusco

197 2750 302 2827 Stricta,
317 2767 419 2832 parata
433 2755 498 2815 neci
512 2778 520 2830 3
540 2757 589 2815 vix
603 2755 688 2832 primi
703 2756 815 2832 proelia
830 2764 946 2815 tentant

199 2842 340 2907 Ponamm
354 2849 466 2926 vigiles,
482 2859 512 2908 et
525 2867 616 2908 caeco
632 2850 728 2907 Marte
743 2848 891 2908 resistunt.
1122 2872 1160 2912 aas

206 2935 311 2999 Talibus
324 2941 494 3020 Othryadae
509 2941 597 3000 dictis
611 2951 641 3000 et
655 2941 776 3000 numine
789 2941 891 3000 divum

210 3027 240 3087 lu
250 3032 372 3094 flammas
384 3045 417 3094 et
430 3035 460 3094 in
475 3053 555 3093 arma
570 3034 655 3106 seror,
671 3053 732 3111 quo
747 3035 837 3093 tristis
854 3034 988 3111 Erinnys,

216 3119 266 3193 Quo
277 3126 404 3186 fremitus
419 3137 507 3185 vocat
520 3136 551 3185 et
564 3126 698 3185 sublatus
712 3127 751 3186 ad
766 3128 887 3186 aethera
899 3127 1020 3187 clamor.

218 3213 315 3277 Addunt
328 3238 361 3279 se
374 3219 473 3279 socios
489 3218 625 3294 Rhipeus
638 3229 669 3278 et
683 3218 827 3277 maximus
841 3218 930 3278 armis

220 3302 317 3384 Ἐργῖνε,
330 3310 423 3372 oblati
436 3328 490 3387 per
503 3311 612 3383 lunam,
630 3302 827 3388 Hypanisque
843 3313 1024 3389 Dymasque,
1126 3336 1164 3376 u·

221 3393 248 3454 Et
257 3400 327 3460 lateri
341 3403 543 3481 agglomerant
556 3413 667 3474 nostro,
680 3404 857 3480 juvenisque
872 3405 1035 3476 Coroebus,

221 3485 403 3569 Mygdonides
446 3494 510 3554 Illis
524 3493 563 3553 ad
575 3495 698 3570 Troiam
712 3495 786 3555 torte
800 3496 907 3556 diebus
