2610 4926
231 746 288 805 14⁵
543 746 570 791 n.
590 746 724 791 vracran
744 746 887 791 morus

227 891 316 952 Visus
330 891 435 952 adesse
449 891 530 964 mihi,
545 891 702 969 largosque
715 891 868 953 effundere
882 890 980 966 fletus,

227 985 375 1062 Raptatus
389 985 475 1063 bigis,
491 995 523 1044 ut
537 986 697 1062 quondam,
713 996 834 1061 aterque
847 996 971 1045 emento

228 1078 362 1151 Pulvere,
378 1097 488 1155 perque
502 1078 595 1155 pedes
610 1078 750 1155 trajectus
764 1078 826 1137 lora
839 1086 997 1138 tumentes.

228 1170 290 1230 Hei
305 1170 385 1241 mihi,
400 1169 494 1246 qualis
508 1175 588 1229 erat!
610 1180 753 1247 quantum
767 1178 897 1230 mutatus
910 1170 950 1230 ab
963 1169 1018 1230 illo

205 1326 209 1335 ,
228 1265 371 1337 Hectore,
386 1263 436 1340 qui
451 1264 527 1323 redit
540 1263 660 1322 exuvias
674 1262 929 1337 indutus,Acbilli,
1083 1312 1086 1317 .

225 1358 284 1416 Vel
300 1358 436 1415 Danaum
453 1356 596 1434 Phrygios
613 1355 760 1434 jaculatus
773 1356 925 1433 puppibus
939 1355 1023 1433 ignes
1035 1358 1043 1416 l

227 1451 419 1525 Squalentem
434 1448 557 1507 barbam
571 1457 602 1507 et
616 1459 773 1508 concretos
787 1449 932 1527 sanguine
946 1450 1045 1514 crines
1088 1512 1092 1521 ,

225 1543 416 1617 Vulneraque
430 1541 480 1599 illa
493 1559 607 1616 gerens,
622 1559 699 1616 quae
713 1540 823 1601 circum
837 1541 963 1619 plurima
976 1564 1079 1609 muros
1093 1546 1098 1555 ’

226 1634 355 1711 Accepit
368 1632 486 1709 patrios.
530 1634 618 1693 Ultro
632 1633 707 1693 flens
721 1633 785 1711 ipse
799 1635 924 1695 videbar

226 1727 416 1804 Compellare
430 1726 524 1785 virum
538 1734 568 1784 et
582 1737 711 1791 maestas
726 1745 899 1804 expromere
912 1747 1023 1791 vocese
1062 1752 1066 1759 ·

226 1822 254 1881 Ο
269 1820 319 1878 lux
334 1818 512 1892 Dardaniae,
527 1838 598 1895 spes
612 1838 631 1879 o
645 1819 791 1880 fidissima
804 1822 963 1896 Teucrum,

226 1914 312 1986 Quae
327 1924 426 1973 tantae
441 1923 564 1972 tenuere
578 1914 697 1972 morae?
718 1914 826 1989 quibus
841 1916 957 1974 Hector
969 1914 1009 1976 ab
1022 1915 1084 1978 oris

226 2000 404 2083 Exspectate
419 2006 525 2066 venis?
545 2015 578 2066 ut
592 2016 622 2065 te
635 2016 705 2083 post
719 2006 812 2066 multa
825 2016 944 2067 tuorum

226 2099 349 2172 Funera,
365 2109 433 2176 post
447 2100 544 2160 varios
557 2098 770 2175 hominumque
784 2098 926 2176 urbisque
941 2100 1060 2163 labores

226 2192 346 2251 Defessi
360 2191 557 2269 adspicimus!
579 2210 656 2268 quae
670 2210 776 2251 caussa
789 2191 912 2270 indigna
924 2211 1048 2255 serenos

226 2285 370 2344 Foedavit
384 2286 502 2343 vultus?
523 2294 573 2343 aut
587 2303 639 2343 cur
653 2286 728 2361 haec
741 2285 865 2343 vulnera
879 2288 991 2346 cerno?

226 2378 283 2436 Ille
298 2378 379 2450 nihil,
396 2396 451 2436 nec
465 2396 513 2436 me
529 2387 720 2453 quaerentem
735 2395 811 2434 vana
826 2389 963 2451 moratur,

227 2471 286 2529 Sed
301 2469 428 2548 graviter
441 2471 569 2547 gemitus
584 2469 643 2527 imo
658 2469 695 2527 de
711 2479 832 2545 pectore
847 2470 970 2544 ducens,

226 2565 298 2622 Heu
314 2565 389 2639 iuge,
405 2572 473 2621 nate
488 2563 553 2634 dea,
569 2573 657 2638 teque
673 2561 728 2632 bis,
745 2559 793 2632 ait,
810 2560 891 2637 eripe
906 2562 1041 2624 flammis.

226 2656 334 2715 Hostis
349 2655 437 2714 habet
452 2673 571 2727 muros;
592 2654 649 2712 ruit
663 2654 724 2712 alto
739 2672 757 2711 a
770 2654 900 2713 culmine
914 2656 1016 2731 Troja.
1165 2688 1199 2728 ῃ

225 2752 276 2810 Sat
290 2749 401 2825 patriae
418 2748 593 2822 Priamoque
608 2747 728 2805 datum:
749 2744 774 2804 si
791 2748 934 2823 Pergama
948 2749 1054 2811 dextra

227 2842 356 2902 Defendi
372 2854 503 2918 possent,
519 2840 608 2900 etiam
623 2842 679 2900 hac
694 2841 819 2898 defensa
833 2840 978 2902 fuissent:

227 2937 316 2995 Sacra
331 2955 461 3011 suosque
476 2934 529 2993 tibi
543 2934 734 2993 commendat
748 2935 838 3011 Troja
854 2937 1000 2997 Penates:

226 3030 296 3088 Hos
311 3048 383 3105 cape
400 3028 523 3086 latorum
538 3026 671 3099 comites,
687 3026 735 3084 his
750 3027 869 3085 moenia
882 3047 991 3102 quaere

226 3122 348 3199 Magna,
365 3132 516 3197 pererrato
530 3132 641 3179 statues
656 3137 732 3195 quae
747 3119 876 3196 denique
891 3133 993 3198 ponto.
1168 3154 1204 3194 a„

226 3214 276 3274 Sic
291 3214 338 3285 ait,
354 3224 384 3272 et
399 3214 536 3272 manibus
550 3212 638 3271 vittas
651 3214 836 3289 Vestamque
851 3226 1005 3290 potentem

225 3309 448 3382 Aeternumque
463 3306 559 3384 adytis
573 3306 655 3363 effert
669 3307 871 3381 penetralibus
887 3306 994 3383 ignem.

268 3400 395 3459 Diverso
410 3400 523 3458 interea
537 3398 698 3457 miscentur
713 3399 831 3457 moenia
845 3399 934 3471 luctu,

226 3493 265 3551 Et
280 3491 373 3568 magis
388 3502 477 3567 atque
492 3490 593 3568 magis,
610 3509 789 3566 quamquam
804 3502 919 3550 secreta
933 3493 1066 3568 parentis

225 3585 375 3643 Anchisae
391 3584 497 3643 domus
512 3582 725 3659 arboribusque
739 3584 860 3643 obtecta
875 3586 1007 3659 recessit,
1170 3618 1206 3657 ,ω

226 3678 402 3737 Clarescunt
418 3677 541 3748 sonitus,
557 3696 764 3753 armorumque
779 3677 888 3755 ingruit
902 3679 1013 3738 horror.

228 3769 368 3829 Excutior
382 3789 496 3841 somno,
512 3780 541 3828 et
556 3771 664 3829 summi
678 3771 794 3847 fastigia
808 3772 877 3831 tecti
938 3758 942 3767 ⁸

227 3866 365 3922 Ascensu
380 3882 496 3939 supero,
512 3872 601 3937 atque
615 3864 737 3923 arrectis
752 3863 870 3922 auribus
883 3864 971 3924 adsto
988 3887 995 3924 :

227 3958 264 4015 In
280 3967 409 4031 segetem
424 3953 514 4014 veluti
529 3974 620 4030 quum
635 3956 753 4014 flamma
767 3956 932 4017 furentibus
948 3957 1054 4019 austris

227 4049 348 4121 Incidit,
364 4059 414 4107 aut
429 4048 549 4124 rapidus
563 4060 706 4107 montano
721 4049 840 4107 flumine
855 4061 972 4110 torrens
1169 4079 1203 4119 π

228 4141 341 4202 Sternit
355 4159 451 4220 agros,
467 4139 572 4199 sternit
586 4152 650 4199 sata
663 4141 741 4199 laeta
755 4142 905 4218 boumque
919 4142 1047 4219 labores,

1267 2638 1292 2669 Δ
