2610 4926
121 39 1303 277 -

482 671 669 716 cmmrcorr
689 673 748 717 ΗΒ.
771 674 804 719 11.

200 812 249 873 Sed
260 814 333 876 trudit
341 834 470 895 gemmas
484 827 517 877 et
529 817 650 878 frondes
664 819 793 896 explicat
806 837 920 881 omnes.

198 907 253 966 Non
264 907 325 968 alios
334 908 423 987 prima
436 910 603 970 crescentis
616 911 729 989 origine
743 912 848 972 mundi

196 999 305 1060 Iluxisse
316 1002 373 1062 dies
386 1003 517 1062 aliumve
532 1003 672 1063 habuisse
686 1014 821 1065 tenorem

195 1092 358 1154 &ediderimz
376 1114 428 1155 ver
441 1095 518 1154 illud
532 1106 605 1167 erat,
619 1115 671 1154 ver
683 1116 809 1174 magnus
822 1098 930 1174 agebat

193 1185 268 1258 Orbis,
280 1197 305 1245 et
315 1188 444 1248 hibernis
457 1189 622 1268 parcebant
635 1189 754 1248 flatibus
770 1191 840 1248 Euri
853 1213 860 1249 ε

192 1275 269 1350 Quum
279 1280 380 1356 primae
393 1281 493 1341 lucem
507 1280 639 1358 pecudes
654 1282 788 1355 hausere,
802 1281 957 1360 virumque
1098 1311 1137 1350 aio

191 1369 272 1430 ferrea
281 1374 431 1451 progenies
445 1374 528 1433 duris
543 1385 632 1450 caput
646 1374 750 1433 extulit
765 1375 852 1449 arvis,
1110 1373 1116 1384 ’

189 1462 368 1542 inmissaeque
381 1466 462 1525 ferae
477 1466 560 1525 silvis
574 1477 605 1525 et
619 1467 717 1526 sidera
730 1467 825 1526 coelo.

187 1554 237 1614 Ne'c
247 1575 287 1616 res
298 1559 375 1618 hunc
389 1569 512 1618 tenerae
527 1570 648 1636 possent
662 1555 791 1635 perferre
805 1560 947 1634 laborem,

184 1646 266 1707 Sinon
279 1661 357 1710 tanta
369 1652 455 1728 quies
469 1651 526 1710 iret
539 1651 690 1728 frigusque
703 1653 894 1729 caloremque
1165 1718 1169 1726 ¹

182 1739 255 1813 Inter,
267 1755 294 1802 et
307 1745 455 1821 exciperet
469 1744 547 1804 coeli
561 1741 747 1823 indulgentia
761 1756 863 1805 terras.
1097 1771 1137 1811 aas

211 1834 288 1908 Quod
301 1847 443 1913 superest,
458 1856 664 1913 quaecumque
678 1858 796 1915 premes
810 1838 936 1916 virgulta
949 1834 1004 1914 per
1016 1856 1113 1918 agros,

178 1926 268 2004 Sparge
280 1929 351 1989 fimo
365 1930 477 2008 pingui,
493 1941 524 1990 et
537 1931 629 1990 multa
643 1950 758 1990 memor
771 1931 875 1990 occule
889 1941 974 2004 terra,

178 2019 227 2078 Aut
238 2021 362 2098 lapidem
376 2022 521 2095 bibulum,
537 2019 588 2082 aul
601 2023 773 2099 squalentes
788 2023 889 2082 infode
903 2023 1045 2099 conchas,

178 2112 245 2171 luter
256 2115 332 2173 enim
347 2115 486 2175 labentur
500 2134 604 2191 aquae,
619 2116 775 2192 tenuisque
791 2115 903 2176 subibit

177 2204 287 2279 Halitus,
300 2218 391 2284 atque
404 2208 522 2268 animos
536 2209 643 2268 tollent
657 2219 722 2269 sata
735 2232 753 2287 ᾗ,
761 2211 884 2285 jamque
898 2209 1016 2288 reperti,
1098 2235 1137 2274 aso

176 2297 225 2371 Qui
236 2319 303 2359 saxo
317 2319 405 2377 super
418 2311 509 2376 atque
525 2300 653 2377 ingentis
668 2303 802 2378 pondere
816 2313 912 2363 testae

176 2390 323 2468 Urguerent
336 2416 345 2466 ;
365 2395 547 2453 hoceffusos
561 2395 713 2452 munimen
728 2395 767 2453 ad
782 2395 903 2469 imbres,
1000 2414 1001 2418 ’

176 2484 233 2543 Hoc
246 2488 293 2545 ubi
306 2486 406 2545 hiulca
419 2487 467 2544 siti
480 2487 566 2546 findit
578 2487 670 2546 Canis
684 2487 802 2546 aestifer
815 2507 892 2548 arva

207 2578 367 2638 Seminibus
382 2578 496 2656 positis,
512 2590 648 2655 superest
662 2580 803 2639 diducere
819 2591 928 2640 terram
976 2628 977 2632 ,

175 2669 283 2747 Saepius
298 2672 337 2731 ad
350 2671 458 2749 capita,
473 2682 504 2731 et
518 2673 608 2731 duros
626 2673 737 2750 jactare
752 2673 899 2746 bidentes,
1098 2703 1136 2742 ³55

173 2765 225 2823 Aut
236 2784 337 2841 presso
351 2783 489 2824 exercere
503 2765 599 2824 solum
613 2766 669 2824 sub
683 2785 811 2838 vomere,
827 2777 857 2826 et
871 2767 936 2843 ipsa

174 2855 294 2917 Flectere
308 2858 456 2917 luctantes
471 2858 547 2916 inter
560 2858 660 2917 vineta
678 2859 844 2936 juvencos3

173 2950 238 3009 Tum
251 2953 331 3011 leves
346 2952 477 3010 calamos
492 2961 522 3009 et
537 2970 619 3010 rasae
633 2952 752 3010 hastilia
766 2953 864 3031 virgae

172 3043 380 3120 Fraxineasque
394 3056 496 3120 aptare
509 3044 608 3116 sudes,
625 3044 782 3120 furcasque
797 3046 941 3117 valentes,

171 3136 278 3196 Viribus
292 3137 365 3196 eniti
379 3156 504 3213 quarum
520 3148 551 3195 et
565 3148 757 3196 contemnere
773 3147 878 3195 ventos
1101 3155 1139 3204 ³⁶0

171 3231 357 3303 Adsuescant,
373 3249 563 3305 summasque
578 3230 661 3306 sequi
676 3230 808 3289 tabulata
822 3249 876 3305 per
890 3229 995 3289 ulmos.

203 3326 246 3382 Ac
259 3324 331 3382 dum
345 3324 441 3400 prima
456 3323 540 3382 novis
554 3323 698 3381 adolescit
712 3322 867 3380 frondibus
882 3332 973 3395 aetas,

169 3416 345 3476 Parcendum
360 3417 479 3488 teneris,
496 3427 534 3487 et,
550 3416 621 3474 dum
636 3433 669 3473 se
684 3414 779 3473 laetus
793 3417 830 3474 ad
846 3435 932 3475 auras

168 3510 279 3569 Palmes
292 3511 353 3588 agit
368 3511 444 3569 laxis
459 3529 512 3586 per
526 3528 630 3585 purum
647 3507 797 3568 immissus
812 3509 946 3582 habenis,

167 3604 233 3679 Ipsa
246 3604 309 3662 acie
324 3604 461 3662 nondum
476 3603 559 3662 falcis
573 3599 726 3671 tentanda,
743 3601 797 3660 sed
811 3602 896 3660 uncis

165 3697 337 3773 Carpendae
352 3696 493 3755 manibus
508 3695 638 3766 frondeS,
654 3695 788 3769 interque
803 3694 947 3772 legendae
962 3718 968 3752 :

164 3789 238 3848 Inde
252 3790 303 3848 ubi
322 3792 385 3866 jam
401 3787 508 3847 validis
523 3789 677 3864 amplexae
692 3788 832 3864 stirpibus
846 3789 943 3846 ulmos

162 3884 300 3955 Exierint,
317 3894 387 3942 tuno
401 3882 513 3958 stringe
528 3900 639 3952 comas,
654 3892 725 3940 tunc
739 3880 859 3939 brachia
873 3880 984 3952 tonde;

161 3979 241 4035 Ante
255 3975 452 4035 reformidant
466 3973 594 4047 ferrum;
615 3984 677 4031 tum
692 3974 821 4048 denique
837 3974 910 4031 dura

161 4072 274 4129 Exerce
289 4068 425 4146 imperia,
441 4076 472 4125 et
487 4085 586 4125 ramos
600 4084 758 4141 compesce
772 4065 907 4124 fluentes.
