2610 4926
257 753 293 793 22
587 748 614 791 P.
635 748 737 793 0v1n11
758 748 893 792 NASONIS

256 861 338 954 Orbe
353 903 503 970 pererrato
512 893 628 970 —quis
642 893 721 959 enim
737 893 920 971 deprendere
934 890 1028 969 possit

255 987 346 1045 Furta
359 987 443 1062 Jovis
453 987 662 1063 i—prosugus
676 987 862 1063 patriamque
876 985 1008 1062 iramque
1022 984 1153 1063 parentis

254 1078 338 1138 Vitat
352 1078 547 1155 Agenorides,
564 1079 739 1155 Phoebique
754 1076 874 1137 oracula
888 1079 1012 1155 supplex

255 1170 394 1231 Consulit
409 1181 447 1242 et,
464 1190 541 1247 quae
555 1170 592 1230 sit
606 1172 693 1231 tellus
707 1170 883 1244 habitanda,
893 1171 1021 1248 requirit.

255 1264 315 1323 Bos
331 1263 392 1336 tibi,
409 1264 549 1323 Phoebus
564 1263 613 1336 ait,
629 1263 700 1323 solis
716 1274 849 1324 occurret
863 1263 893 1323 in
909 1264 993 1338 arvis,
1209 1292 1235 1321 ιο

255 1357 380 1416 Nullum
394 1376 482 1433 passa
494 1358 598 1434 jugum
611 1356 752 1433 curvique
766 1355 906 1417 immunis
920 1357 1025 1417 aratri:

256 1452 326 1509 Hac
341 1450 417 1509 duce
432 1468 520 1526 carpe
534 1448 597 1508 uias
611 1461 649 1522 et,
666 1468 725 1525 qua
739 1449 915 1526 requieverit
931 1450 1032 1525 herba,

256 1541 381 1602 Moenia
395 1542 441 1601 sac
456 1543 579 1615 condas,
594 1541 778 1619 Boeotiaque
793 1543 844 1602 illa
855 1545 971 1603 ‘vocato

254 1635 314 1693 Vix
328 1636 406 1695 bene
421 1635 554 1696 Castalio
569 1636 702 1696 Cadmus
717 1636 912 1696 descenderat
926 1647 1021 1709 antr0,
1057 1712 1063 1722 ο

256 1727 473 1789 Incustoditam
488 1729 568 1788 lente
582 1727 664 1788 videt
678 1727 719 1788 ire
732 1730 899 1804 juvencam,

256 1822 379 1880 Nullum
395 1821 502 1880 servitii
517 1820 634 1898 signum
648 1821 763 1882 cervice
777 1832 938 1899 gerentem.

255 1914 451 1990 Subsequitur
464 1934 627 1992 pressoque
642 1915 713 1992 legit
726 1915 850 1992 vestigia
862 1934 973 1994 gressu,

255 2009 480 2084 Auctoremque
495 2008 560 2069 viae
576 2010 731 2069 Phoebum
746 2009 907 2068 taciturnus
922 2008 1042 2067 adorat.⁴

254 2102 323 2177 Jam
337 2102 414 2160 vada
428 2101 551 2178 Cephisi
566 2103 764 2178 Panopesque
779 2110 912 2160 evaserat
926 2118 1012 2159 arva:

256 2194 316 2253 Bos
330 2194 411 2253 stetit
425 2206 463 2267 et,
480 2195 588 2254 tollehs
602 2194 763 2271 spatiosam
777 2192 917 2253 cornibus
931 2192 998 2251 altis

255 2288 304 2347 Ad
320 2289 436 2346 coelum
452 2288 587 2360 frontem,
603 2287 764 2364 mugitibus
779 2285 896 2362 impulit
910 2303 1004 2358 auras,
1045 2323 1048 2327 .

255 2382 355 2456 Atque
371 2378 420 2453 ita,
436 2380 597 2457 respiciens
611 2379 737 2439 comites
751 2398 805 2438 sua
818 2391 900 2455 terga
915 2389 1083 2454 sequentes,

256 2473 418 2533 Procubuit
432 2484 592 2550 teneraque
607 2474 683 2532 latus
697 2472 832 2532 submisit
846 2472 876 2531 in
891 2473 990 2531 herba

256 2567 389 2627 Cadmus
404 2566 463 2643 agit
476 2578 582 2643 grates,
598 2565 828 2643 peregrinaeque
843 2566 945 2625 oscula
959 2575 1052 2626 terrae

256 2658 334 2736 Figit
349 2670 378 2719 et
393 2658 510 2736 ignotos
525 2671 642 2719 montes
657 2678 801 2736 agrosque
816 2660 931 2719 salutat.

251 2755 345 2833 'Sacra
357 2752 426 2829 Jovi
440 2753 569 2813 facturus
584 2763 664 2812 erat:
684 2754 769 2829 jubet
783 2752 823 2812 ire
838 2752 988 2812 ministros

256 2847 295 2905 Et
310 2858 409 2923 petere
424 2864 441 2905 e
456 2845 530 2905 vivis
544 2845 679 2905 libandas
694 2845 825 2905 sontibus
839 2847 944 2906 undas.

257 2939 338 2999 Silva
350 2951 435 2998 vetus
450 2941 555 3012 stabat,
571 2940 654 2998 nulla
667 2939 778 2998 violata
792 2938 896 3012 securi,

256 3033 295 3092 Et
310 3051 416 3109 specus
430 3031 460 3090 in
476 3031 585 3105 medio,
601 3031 689 3108 virgis
703 3051 738 3091 ac
752 3031 863 3092 vimine
877 3032 998 3106 densus,

256 3124 396 3184 Efficiens
411 3124 554 3185 humilem
569 3125 702 3202 lapidum
716 3124 910 3202 compagibus
925 3143 1034 3197 arcum,
1063 3147 1067 3155 ·

256 3217 407 3279 Uberibus
423 3219 568 3278 fecundus
582 3217 686 3295 aquis:
707 3217 757 3277 ubi
772 3218 910 3277 conditus
925 3229 1010 3277 antro

257 3310 383 3371 Martius
398 3311 502 3389 anguis
516 3323 587 3384 erat,
602 3311 698 3371 cristis
713 3310 874 3389 praesignis
889 3322 919 3370 et
933 3330 1024 3386 auro;

256 3405 331 3480 Igne
346 3403 458 3464 micant
472 3404 559 3477 oculi,
575 3416 792 3481 corpustumet
807 3424 896 3464 omne
911 3422 1037 3475 veneno,

256 3499 391 3574 Tresque
405 3497 522 3556 vibrant
537 3498 663 3574 linguae,
679 3498 786 3574 triplici
803 3508 881 3557 stant
895 3496 999 3556 ordine
1013 3497 1129 3557 dentes

204 3640 207 3645 .
256 3591 355 3665 Quem
370 3601 529 3667 postquam
544 3590 634 3666 Tyria
648 3592 746 3649 lucum
762 3590 902 3665 degente
918 3587 1043 3665 profecti

258 3682 392 3742 infausto
407 3683 528 3760 tetigere
542 3685 643 3760 gradu,
659 3683 846 3758 demissaque
861 3681 891 3739 in
906 3682 1002 3740 undas

256 3777 342 3836 Urna
357 3775 439 3836 dedit
454 3776 593 3850 sonitum,
609 3778 700 3852 longo
714 3785 803 3851 caput
818 3774 922 3834 extulit
936 3786 1022 3834 antro

256 3869 419 3929 Caeruleus
435 3888 556 3947 serpens
570 3869 776 3944 horrendaque
791 3866 877 3926 sibila
890 3867 978 3927 misit

257 3962 403 4022 Effluxere
417 3981 509 4022 urnae
523 3962 669 4034 manibus,
685 3960 862 4037 sanguisque
877 3960 994 4036 reliquit

257 4055 374 4132 Corpus
389 4066 418 4115 et
433 4054 575 4115 attonitos
590 4053 704 4114 subitus
719 4064 828 4114 tremor
842 4065 971 4130 occupat
985 4065 1072 4114 artus.

257 4148 314 4208 Ille
328 4147 509 4209 volubilibus
523 4166 701 4225 squamosos
714 4146 840 4208 nexibus
854 4148 943 4207 orbes
