2610 4926
411 670 620 715 mamortha.
643 671 701 716 ult
726 672 772 715 111.

110 818 244 895 Torquet,
260 828 290 877 et
304 814 468 877 immensos
482 818 557 878 saltu
572 816 706 878 sinuatur
719 817 750 877 in
764 837 858 893 arcus,

107 914 151 970 Ac
164 911 261 971 media
274 911 342 988 plus
356 925 439 988 parte
454 911 534 971 leves
548 902 663 971 erectus
677 911 708 970 in
723 930 808 971 auras

107 1004 239 1082 Despicit
253 1023 343 1064 omne
357 1023 472 1076 nemus,
488 1014 632 1081 tantoque
646 1015 692 1065 est
705 1023 838 1081 corpore,
854 1014 977 1082 quanto,

107 1097 137 1157 Si
151 1109 244 1157 totum
260 1110 386 1174 spectes,
401 1096 535 1174 geminas
550 1098 601 1173 qui
615 1110 732 1174 separat
747 1100 863 1158 Arctos.

107 1192 169 1249 Nec
184 1209 285 1264 mora;
307 1189 482 1263 Phoenicas
499 1189 561 1251 sive
575 1190 616 1250 illi
631 1192 690 1251 tela
704 1191 849 1274 parabant

106 1283 173 1343 Sive
187 1285 295 1360 fugam,
311 1282 373 1342 sive
388 1282 452 1360 ipse
466 1282 554 1343 timor
568 1283 745 1361 prohibebat
761 1295 926 1360 utrumque,

105 1378 258 1453 Occupat:
278 1376 335 1435 hos
348 1395 457 1449 morsu,
472 1374 569 1453 longis
584 1376 769 1453 amplexibus
782 1377 858 1451 illos,

106 1470 172 1528 Hos
186 1480 274 1529 necat
289 1468 378 1528 afflati
392 1469 510 1528 funesta
524 1470 593 1530 tabe
607 1469 723 1529 veneni

144 1564 268 1622 Fecerat
281 1561 403 1638 exiguas
415 1563 478 1637 jam
492 1563 539 1622 sol
553 1561 713 1622 altissimus
727 1564 864 1624 umbras:

105 1656 188 1730 Quae
203 1674 288 1715 mora
301 1654 338 1714 sit
353 1654 441 1714 sociis
455 1654 576 1714 miratur
589 1657 727 1731 Agenore
742 1667 838 1729 natus,

104 1748 298 1825 vestigatque
311 1748 398 1807 viros
441 1747 588 1824 Tegimen
603 1747 718 1825 direpta
733 1747 813 1808 leoni

105 1841 193 1900 Pellis
207 1853 278 1913 erat,
295 1841 385 1900 telum
401 1840 570 1917 splendenti
586 1842 690 1902 lancea
703 1842 781 1901 ferro

104 1935 144 1993 Et
155 1934 297 2009 jaculum,
312 1934 432 2010 teloque
447 1933 563 1994 animus
577 1934 774 2011 praestantior
788 1933 878 1994 omni.

105 2028 148 2087 Ut
161 2046 267 2086 nemus
282 2026 408 2099 intravit,
424 2027 573 2103 letataque
588 2045 715 2104 corpora
728 2026 811 2101 vidit,

104 2120 316 2196 victoremque
330 2139 419 2196 supra
433 2119 555 2197 spatiosi
569 2119 701 2197 corporis
715 2120 834 2181 hostem

104 2211 213 2272 Tristia
226 2212 389 2289 sanguinea
402 2214 584 2273 lambentem
598 2214 720 2273 vulnera
733 2213 843 2292 lingua,

106 2309 165 2366 Aut
181 2307 259 2365 ultor
273 2317 396 2378 vestrae,
411 2306 554 2365 fidissima
566 2325 699 2383 corpora,
716 2307 819 2366 mortis

105 2402 169 2458 Aut·
180 2418 290 2471 comes,
307 2398 411 2475 inquit,
427 2417 486 2458 ero.
530 2399 622 2471 Dixit,
636 2400 799 2477 dextraque
813 2400 957 2460 molarem

106 2492 236 2565 Sustulit,
252 2505 282 2552 et
296 2511 436 2568 magnum
451 2511 559 2568 magno
574 2492 732 2552 conamine
747 2493 834 2553 misit

109 2585 191 2644 Illius
204 2585 333 2662 impulsu
347 2604 416 2644 cum
431 2585 556 2644 turribus
571 2585 664 2644 ardua
677 2586 764 2646 celsis

108 2678 232 2738 Moenia
245 2689 327 2738 mota
341 2678 456 2751 lorent;
476 2697 598 2754 serpens
612 2678 675 2738 sine
690 2681 810 2739 vulnere
825 2677 942 2752 mansit,

109 2771 290 2847 Loricaeque
305 2771 397 2830 modo
412 2771 542 2847 squamis
557 2773 696 2831 defensus
711 2783 741 2832 et
755 2784 835 2832 atrae

110 2864 224 2923 Duritia
238 2863 333 2940 pellis,
349 2863 464 2923 validos
478 2876 546 2923 cute
561 2865 668 2942 repulit
683 2865 765 2924 ictus.

111 2960 149 3016 At
164 2977 223 3017 non
239 2956 347 3016 duritia
358 2958 489 3033 jaculum
505 2977 626 3034 quoque
640 2957 711 3018 vicit
725 2959 830 3017 eadem
844 2979 851 3017 ι

110 3051 198 3125 Quod
213 3051 313 3109 medio
328 3050 426 3109 lentae
441 3049 543 3127 spinae
559 3051 730 3111 curvamine
745 3052 836 3109 lixum

110 3142 258 3214 Constitit,
275 3153 303 3201 et
319 3153 414 3202 totum
430 3143 585 3203 descendit
600 3143 629 3202 in
646 3144 696 3202 ilia
709 3145 825 3203 sermm

112 3237 173 3308 Ille,
189 3236 292 3294 dolore
308 3236 397 3307 ferox,
412 3247 503 3312 caput
518 3237 548 3295 in
563 3256 616 3295 sua
630 3248 712 3312 terga
725 3235 843 3295 retorsit

110 3330 296 3403 Vulneraque
311 3328 456 3404 adspexit,
469 3330 618 3405 fixumque
633 3328 738 3388 hastile
754 3327 923 3401 momordit,

46 3416 49 3421 ’
112 3423 215 3497 quue,
230 3421 282 3481 ubi
296 3421 325 3479 vi
341 3423 433 3480 multa
448 3435 561 3498 partem
576 3422 715 3481 labefecit
730 3421 759 3480 in
774 3440 904 3494 omnem,

111 3514 166 3572 Vix
182 3528 262 3591 tergo
277 3514 404 3590 eripuit,
425 3516 532 3574 sermm
547 3525 646 3574 tamen
662 3515 778 3573 ossibus
792 3513 895 3573 haesit

110 3608 186 3666 Tum
201 3626 280 3679 vero,
296 3619 456 3684 postquam
471 3607 572 3667 solitas
586 3607 711 3666 accessit
725 3609 763 3666 ad
778 3606 835 3666 iras

111 3702 208 3760 Causa
222 3719 335 3772 recens,
351 3700 447 3776 plenis
462 3711 630 3759 tumuerunt
644 3711 762 3777 guttura
776 3699 867 3774 venis,

110 3795 277 3870 Spumaque
292 3793 449 3871 pestiferos
462 3792 636 3852 circumfluit
652 3792 752 3852 albida
765 3793 863 3866 rictus,

109 3888 257 3963 Terraque
272 3906 339 3946 rasa
353 3897 439 3945 sonat
453 3885 593 3961 squamis,
609 3885 719 3962 quique
734 3885 842 3945 halitus
855 3885 916 3946 exit

109 3982 167 4039 Ore
183 3981 265 4057 niger
278 3978 382 4056 Stygio
396 3978 513 4037 vitiatas
527 3977 620 4038 inficit
637 3979 751 4037 herbas.

110 4075 177 4150 Ipse
193 4073 286 4133 modo
300 4072 479 4131 immensum
494 4069 579 4147 spiris
593 4070 770 4131 iacientibus
785 4074 887 4132 orbem

1078 4284 1241 4580 J
