2610 4926
425 785 633 831 inarmonia.
655 786 714 831 ΗΒ.
736 788 758 829 l'.

106 934 194 995 Victa
205 935 286 1011 jacet
299 930 404 1009 pietas,
419 942 449 993 et
459 932 552 1009 Virgo
565 932 658 993 caede
672 932 837 1007 madentes,

107 1028 221 1089 Ultima
234 1027 409 1098 coelestum,
425 1037 514 1085 terras
530 1028 655 1085 Astraea
668 1025 795 1102 reliquit.

107 1122 191 1180 Neve
205 1121 281 1180 soret
295 1118 378 1179 terris
392 1118 522 1177 securior
535 1119 644 1177 arduus
657 1120 768 1191 aether,

107 1215 270 1273 Affectasse
285 1212 382 1271 lemnt
395 1229 518 1287 regnum
532 1212 662 1271 coeleste
677 1211 829 1288 Gigantas,

107 1308 235 1382 Altaque
248 1315 408 1381 congestos
422 1302 561 1363 struxisse
575 1305 613 1363 ad
628 1305 726 1363 sidera
738 1316 864 1365 montes.
963 1370 968 1381 ⁸

107 1400 184 1457 Tum
199 1408 284 1475 pater
297 1396 488 1473 omnipotens
500 1395 593 1455 misso
606 1397 744 1474 perfregit
757 1398 920 1475 Olympum

108 1490 253 1563 Fulmine,
268 1501 299 1549 et
313 1488 442 1550 excussit
456 1490 593 1565 subJ'ecto
607 1490 713 1548 Pelion
728 1489 831 1550 Ossae

108 1584 222 1645 Obmta
235 1583 316 1642 mole
330 1600 383 1641 sua
396 1600 489 1657 quum
503 1578 629 1658 corpora
642 1582 706 1641 dira
717 1583 859 1661 jacerent,

109 1677 260 1735 Perfusam
274 1676 369 1734 multo
383 1686 521 1733 natorum
535 1674 677 1751 sanguine
692 1676 814 1735 Terram

109 1766 306 1828 Immaduisse
320 1768 415 1826 sernnt
428 1765 618 1843 calidumque
631 1767 778 1828 animasse
792 1787 935 1843 cruorem,

109 1862 155 1933 Et,
171 1880 209 1920 ne
224 1862 306 1921 nulla
321 1879 391 1919 suae
405 1858 504 1936 stirpis
517 1872 712 1919 monumenta
725 1873 888 1936 manerent,

109 1956 144 2013 In
159 1954 265 2013 faciem
280 1952 400 2012 vertisse
413 1952 576 2012 hominum.
620 1953 679 2013 Sed
694 1964 724 2012 et
737 1952 788 2012 illa
801 1973 933 2032 propago

109 2046 294 2107 Contemtrix
308 2064 447 2122 superum
461 2064 627 2121 saevaeque
641 2045 811 2105 avidissima
824 2036 925 2109 caedis

110 2141 146 2200 Et
159 2140 292 2199 siolenta
306 2139 378 2197 luit:
398 2137 488 2197 scires
501 2159 518 2197 e
533 2138 676 2215 sanguine
690 2149 785 2199 natos.

108 2234 193 2307 Quae
208 2244 293 2309 pater
305 2242 338 2291 ut
352 2250 467 2289 summa
480 2230 554 2290 vidit
568 2231 721 2292 Saturnius
735 2251 810 2308 arce,

109 2325 236 2401 Ingemit
251 2336 289 2397 et,
306 2325 384 2383 sacto
398 2324 531 2382 nondum
547 2325 665 2401 vulgata
678 2326 797 2399 recenti,

109 2418 211 2477 Foeda
226 2416 394 2494 Lycaoniae
409 2417 537 2476 reserens
550 2417 687 2477 convivia
700 2423 830 2494 mensae,

108 2512 249 2587 Ingentes
264 2508 364 2568 animo
379 2522 409 2568 et
423 2508 527 2585 dignas
540 2512 615 2586 Jove
630 2511 761 2589 concipit
776 2515 840 2586 iras,

108 2600 337 2675 Conciliumque
351 2610 456 2659 vocat:
478 2599 571 2659 tenuit
585 2620 668 2661 mora
681 2603 764 2662 nulla
776 2614 907 2664 vocatos

108 2695 160 2752 Est
175 2692 224 2751 sia
237 2691 380 2763 sublimis,
396 2693 482 2751 coelo
497 2692 652 2753 manifesta
665 2714 790 2771 sereno,

109 2788 219 2845 Lactea
232 2805 343 2844 nomen
357 2785 455 2857 habet,
472 2787 600 2845 candore
615 2788 754 2848 notabilis
769 2789 854 2865 ipso:

109 2882 178 2938 Hac
192 2879 246 2938 iter
261 2892 305 2938 est
320 2877 432 2954 superis
447 2879 484 2937 ad
499 2878 599 2957 magni
613 2890 693 2939 tecta
706 2882 853 2942 Tonantis

109 2974 312 3049 Regalemqne
327 2972 458 3030 domum.
502 2973 614 3031 Dextra
628 2974 771 3050 laevaque
787 2976 910 3034 deorum

109 3066 192 3124 Atria
207 3064 351 3123 nobilium
366 3064 457 3122 valvis
471 3066 658 3124 celebrantur
672 3067 800 3144 apertis;

109 3159 198 3217 Plebs
212 3156 325 3216 habitat
340 3156 456 3215 diversa
470 3157 561 3232 locis,
582 3178 600 3216 a
614 3159 709 3218 fronte
725 3171 862 3236 potentes

109 3251 281 3310 Coelicolae
295 3249 425 3325 clarique
441 3269 510 3309 suos
525 3270 650 3327 posuere
665 3263 795 3329 penates.

111 3343 171 3402 Hic
186 3344 269 3401 locus
283 3353 336 3413 est,
352 3362 451 3418 quem,
466 3343 491 3402 si
506 3344 602 3404 verbis
617 3346 742 3404 audacia
756 3346 849 3418 detur,

110 3436 202 3494 Haud
218 3435 338 3494 timeam
352 3435 452 3512 magni
466 3436 574 3496 dixisse
590 3437 704 3497 Palatia
718 3437 802 3496 coeli.

110 3529 189 3603 Ergo
203 3527 253 3585 ubi
268 3546 433 3587 marmoreo
448 3529 544 3605 superi
560 3531 661 3590 sedere
676 3550 802 3602 recessu,

111 3621 225 3680 Celsior
238 3620 301 3696 ipse
317 3622 384 3679 loco
399 3632 575 3697 sceptroque
590 3622 706 3681 innixus
721 3624 834 3682 eburno

110 3712 279 3771 Territicam
294 3713 400 3789 capitis
414 3714 564 3773 concussit
580 3726 681 3789 terque
696 3727 858 3791 quaterque

110 3804 288 3875 Caesariem,
304 3824 373 3864 cum
388 3825 447 3880 qua
461 3817 577 3879 terram,
593 3826 682 3877 mare,
699 3807 794 3867 sidera
808 3807 909 3868 movit.

109 3898 232 3957 Talibus
247 3897 317 3956 inde
332 3897 430 3956 modis
445 3917 497 3956 ora
511 3898 695 3974 indignantia
709 3899 814 3959 solvit:

110 3993 180 4049 Non
196 4009 251 4067 ego
266 4009 322 4066 pro
337 3989 439 4049 mundi
454 4009 546 4066 regno
559 3990 653 4066 magis
668 3991 770 4050 anxius
784 3992 835 4051 illa

108 4085 303 4159 Tempestate
318 4081 367 4153 sui,
383 4100 442 4157 qua
456 4093 576 4142 centum
591 4083 716 4159 quisque
731 4086 853 4160 parabat

109 4176 239 4252 lnjicere
253 4174 454 4251 anguipedum
468 4175 586 4251 captivo
601 4177 722 4236 brachia
735 4178 839 4237 coelo:
