<?xml version="1.0" encoding="UTF-8"?>
<!DOCTYPE html PUBLIC "-//W3C//DTD XHTML 1.0 Transitional//EN"
    "http://www.w3.org/TR/xhtml1/DTD/xhtml1-transitional.dtd">
<html xmlns="http://www.w3.org/1999/xhtml" xml:lang="en" lang="en">
 <head>
  <title>
</title>
<meta http-equiv="Content-Type" content="text/html;charset=utf-8" />
  <meta name='ocr-system' content='tesseract 3.04.00' />
  <meta name='ocr-capabilities' content='ocr_page ocr_carea ocr_par ocr_line ocrx_word'/>
</head>
<body>
  <div class='ocr_page' id='page_1' title='image "ahandbooklatinp00marogoog_0052.png"; bbox 0 0 2610 4926; ppageno 0'>
   <div class='ocr_carea' id='block_1_1' title="bbox 102 681 869 906">
    <p class='ocr_par' dir='ltr' id='par_1_1' title="bbox 102 681 869 906">
     <span class='ocr_line' id='line_1_1' title="bbox 411 681 751 728; baseline 0.009 -4"><span class='ocrx_word' id='word_1_1' title='bbox 411 681 618 725; x_wconf 74' lang='lat' dir='ltr'><strong>mauouru.</strong></span> <span class='ocrx_word' id='word_1_2' title='bbox 643 683 700 726; x_wconf 79' lang='lat' dir='ltr'><strong>uu.</strong></span> <span class='ocrx_word' id='word_1_3' title='bbox 724 683 751 728; x_wconf 87' lang='lat' dir='ltr'><strong>v.</strong></span> 
     </span>
     <span class='ocr_line' id='line_1_2' title="bbox 102 827 869 906; baseline 0.004 -18"><span class='ocrx_word' id='word_1_4' title='bbox 102 831 179 905; x_wconf 82' lang='lat' dir='ltr'><strong>Quae</strong></span> <span class='ocrx_word' id='word_1_5' title='bbox 192 829 272 902; x_wconf 81' lang='lat' dir='ltr'><strong>freta,</strong></span> <span class='ocrx_word' id='word_1_6' title='bbox 289 845 366 904; x_wconf 81' lang='lat' dir='ltr'><strong>quas</strong></span> <span class='ocrx_word' id='word_1_7' title='bbox 381 837 474 887; x_wconf 85' lang='lat' dir='ltr'><strong>terras</strong></span> <span class='ocrx_word' id='word_1_8' title='bbox 488 827 544 886; x_wconf 89' lang='lat' dir='ltr'><strong>sub</strong></span> <span class='ocrx_word' id='word_1_9' title='bbox 558 846 590 887; x_wconf 89' lang='lat' dir='ltr'><strong>se</strong></span> <span class='ocrx_word' id='word_1_10' title='bbox 604 827 728 889; x_wconf 86' lang='lat' dir='ltr'><strong>vidisset</strong></span> <span class='ocrx_word' id='word_1_11' title='bbox 745 829 784 890; x_wconf 88' lang='lat' dir='ltr'><strong>ab</strong></span> <span class='ocrx_word' id='word_1_12' title='bbox 799 831 869 906; x_wconf 88' lang='lat' dir='ltr'><strong>alto,</strong></span> 
     </span>
    </p>
   </div>
   <div class='ocr_carea' id='block_1_2' title="bbox 102 919 855 1067">
    <p class='ocr_par' dir='ltr' id='par_1_2' title="bbox 102 919 855 1067">
     <span class='ocr_line' id='line_1_3' title="bbox 102 919 751 1002; baseline 0.003 -21"><span class='ocrx_word' id='word_1_13' title='bbox 102 925 135 981; x_wconf 85' lang='lat' dir='ltr'><strong>Et</strong></span> <span class='ocrx_word' id='word_1_14' title='bbox 148 941 220 1000; x_wconf 89' lang='lat' dir='ltr'><strong>quae</strong></span> <span class='ocrx_word' id='word_1_15' title='bbox 230 919 353 1002; x_wconf 86' lang='lat' dir='ltr'><strong>jactatis</strong></span> <span class='ocrx_word' id='word_1_16' title='bbox 367 919 512 997; x_wconf 83' lang='lat' dir='ltr'><strong>tetigisset</strong></span> <span class='ocrx_word' id='word_1_17' title='bbox 526 919 624 981; x_wconf 88' lang='lat' dir='ltr'><strong>sidera</strong></span> <span class='ocrx_word' id='word_1_18' title='bbox 635 921 751 999; x_wconf 80' lang='lat' dir='ltr'><strong>pennis</strong></span> 
     </span>
     <span class='ocr_line' id='line_1_4' title="bbox 193 1023 855 1067; baseline 0.005 -3"><span class='ocrx_word' id='word_1_19' title='bbox 193 1030 210 1064; x_wconf 78' lang='grc' dir='ltr'>ι</span> <span class='ocrx_word' id='word_1_20' title='bbox 353 1023 374 1063; x_wconf 68' lang='lat' dir='ltr'><strong>t</strong></span> <span class='ocrx_word' id='word_1_21' title='bbox 514 1024 535 1062; x_wconf 60' lang='lat' dir='ltr'><strong>a</strong></span> <span class='ocrx_word' id='word_1_22' title='bbox 675 1028 694 1064; x_wconf 70' lang='grc' dir='ltr'>ι</span> <span class='ocrx_word' id='word_1_23' title='bbox 835 1027 855 1067; x_wconf 70' lang='grc' dir='ltr'>ι</span> 
     </span>
    </p>
   </div>
   <div class='ocr_carea' id='block_1_3' title="bbox 474 1389 690 1451">
    <p class='ocr_par' dir='ltr' id='par_1_3' title="bbox 474 1389 690 1451">
     <span class='ocr_line' id='line_1_5' title="bbox 474 1389 690 1451; baseline 0.009 -3"><span class='ocrx_word' id='word_1_24' title='bbox 474 1389 624 1449; x_wconf 86' lang='lat' dir='ltr'><strong>LIBER</strong></span> <span class='ocrx_word' id='word_1_25' title='bbox 646 1389 690 1451; x_wconf 89' lang='lat' dir='ltr'><strong>V.</strong></span> 
     </span>
    </p>
   </div>
   <div class='ocr_carea' id='block_1_4' title="bbox 96 1586 882 1931">
    <p class='ocr_par' dir='ltr' id='par_1_4' title="bbox 96 1586 882 1931">
     <span class='ocr_line' id='line_1_6' title="bbox 193 1586 832 1626; baseline 0.002 -1"><span class='ocrx_word' id='word_1_26' title='bbox 193 1591 210 1625; x_wconf 79' lang='grc' dir='ltr'>ι</span> <span class='ocrx_word' id='word_1_27' title='bbox 355 1588 374 1625; x_wconf 75' lang='grc' dir='ltr'>ι</span> <span class='ocrx_word' id='word_1_28' title='bbox 493 1587 514 1625; x_wconf 64' lang='lat' dir='ltr'><strong>s</strong></span> <span class='ocrx_word' id='word_1_29' title='bbox 652 1586 672 1624; x_wconf 66' lang='lat' dir='ltr'><strong>a</strong></span> <span class='ocrx_word' id='word_1_30' title='bbox 812 1586 832 1626; x_wconf 71' lang='grc' dir='ltr'><strong><em>ο</em></strong></span> 
     </span>
     <span class='ocr_line' id='line_1_7' title="bbox 97 1667 795 1745; baseline 0 -17"><span class='ocrx_word' id='word_1_31' title='bbox 97 1671 200 1728; x_wconf 67' lang='lat' dir='ltr'><strong>Perua</strong></span> <span class='ocrx_word' id='word_1_32' title='bbox 215 1671 309 1730; x_wconf 90' lang='lat' dir='ltr'><strong>Ceres</strong></span> <span class='ocrx_word' id='word_1_33' title='bbox 322 1687 404 1728; x_wconf 90' lang='lat' dir='ltr'><strong>unco</strong></span> <span class='ocrx_word' id='word_1_34' title='bbox 417 1669 536 1745; x_wconf 84' lang='lat' dir='ltr'><strong>glebam</strong></span> <span class='ocrx_word' id='word_1_35' title='bbox 551 1667 675 1728; x_wconf 90' lang='lat' dir='ltr'><strong>dimovit</strong></span> <span class='ocrx_word' id='word_1_36' title='bbox 690 1680 795 1742; x_wconf 90' lang='lat' dir='ltr'><strong>aratro,</strong></span> 
     </span>
     <span class='ocr_line' id='line_1_8' title="bbox 96 1761 816 1839; baseline -0.001 -18"><span class='ocrx_word' id='word_1_37' title='bbox 96 1763 191 1822; x_wconf 88' lang='lat' dir='ltr'><strong>Prima</strong></span> <span class='ocrx_word' id='word_1_38' title='bbox 204 1762 289 1822; x_wconf 89' lang='lat' dir='ltr'><strong>dedit</strong></span> <span class='ocrx_word' id='word_1_39' title='bbox 303 1762 401 1839; x_wconf 82' lang='lat' dir='ltr'><strong>fruges</strong></span> <span class='ocrx_word' id='word_1_40' title='bbox 414 1761 613 1837; x_wconf 78' lang='lat' dir='ltr'><strong>alimentaque</strong></span> <span class='ocrx_word' id='word_1_41' title='bbox 628 1761 711 1821; x_wconf 90' lang='lat' dir='ltr'><strong>mitia</strong></span> <span class='ocrx_word' id='word_1_42' title='bbox 725 1761 816 1834; x_wconf 90' lang='lat' dir='ltr'><strong>terris,</strong></span> 
     </span>
     <span class='ocr_line' id='line_1_9' title="bbox 96 1853 882 1931; baseline -0.001 -17"><span class='ocrx_word' id='word_1_43' title='bbox 96 1855 191 1914; x_wconf 89' lang='lat' dir='ltr'><strong>Pn&#39;ma</strong></span> <span class='ocrx_word' id='word_1_44' title='bbox 206 1855 290 1914; x_wconf 90' lang='lat' dir='ltr'><strong>dedit</strong></span> <span class='ocrx_word' id='word_1_45' title='bbox 304 1855 385 1931; x_wconf 85' lang='lat' dir='ltr'><strong>leges</strong></span> <span class='ocrx_word' id='word_1_46' title='bbox 395 1877 406 1930; x_wconf 74' lang='lat'>5</span> <span class='ocrx_word' id='word_1_47' title='bbox 427 1853 543 1915; x_wconf 89' lang='lat' dir='ltr'><strong>Cereris</strong></span> <span class='ocrx_word' id='word_1_48' title='bbox 557 1866 626 1914; x_wconf 91' lang='lat' dir='ltr'><strong>sunt</strong></span> <span class='ocrx_word' id='word_1_49' title='bbox 640 1854 742 1914; x_wconf 88' lang='lat' dir='ltr'><strong>omnia</strong></span> <span class='ocrx_word' id='word_1_50' title='bbox 755 1872 882 1914; x_wconf 86' lang='lat' dir='ltr'><strong>munus:</strong></span> 
     </span>
    </p>
   </div>
   <div class='ocr_carea' id='block_1_5' title="bbox 93 1946 978 4164">
    <p class='ocr_par' dir='ltr' id='par_1_5' title="bbox 93 1946 978 2396">
     <span class='ocr_line' id='line_1_10' title="bbox 94 1946 978 2023; baseline -0.002 -16"><span class='ocrx_word' id='word_1_51' title='bbox 94 1949 149 2007; x_wconf 87' lang='lat' dir='ltr'><strong>Illa</strong></span> <span class='ocrx_word' id='word_1_52' title='bbox 161 1949 301 2008; x_wconf 85' lang='lat' dir='ltr'><strong>canenda</strong></span> <span class='ocrx_word' id='word_1_53' title='bbox 314 1947 387 2006; x_wconf 92' lang='lat' dir='ltr'><strong>mihi</strong></span> <span class='ocrx_word' id='word_1_54' title='bbox 402 1957 454 2007; x_wconf 86' lang='lat' dir='ltr'><strong>est</strong></span> <span class='ocrx_word' id='word_1_55' title='bbox 498 1947 623 2008; x_wconf 92' lang='lat' dir='ltr'><strong>Utinam</strong></span> <span class='ocrx_word' id='word_1_56' title='bbox 637 1948 731 2007; x_wconf 91' lang='lat' dir='ltr'><strong>modo</strong></span> <span class='ocrx_word' id='word_1_57' title='bbox 745 1946 844 2006; x_wconf 87' lang='lat' dir='ltr'><strong>dicere</strong></span> <span class='ocrx_word' id='word_1_58' title='bbox 858 1964 978 2023; x_wconf 89' lang='lat' dir='ltr'><strong>possem</strong></span> 
     </span>
     <span class='ocr_line' id='line_1_11' title="bbox 94 2038 949 2118; baseline -0.004 -17"><span class='ocrx_word' id='word_1_59' title='bbox 94 2041 235 2101; x_wconf 82' lang='lat' dir='ltr'><strong>Carmina</strong></span> <span class='ocrx_word' id='word_1_60' title='bbox 248 2040 339 2118; x_wconf 88' lang='lat' dir='ltr'><strong>digna</strong></span> <span class='ocrx_word' id='word_1_61' title='bbox 354 2040 428 2099; x_wconf 88' lang='lat' dir='ltr'><strong>dea!</strong></span> <span class='ocrx_word' id='word_1_62' title='bbox 471 2041 560 2100; x_wconf 87' lang='lat' dir='ltr'><strong>Certe</strong></span> <span class='ocrx_word' id='word_1_63' title='bbox 574 2041 632 2100; x_wconf 86' lang='lat' dir='ltr'><strong>dea</strong></span> <span class='ocrx_word' id='word_1_64' title='bbox 645 2039 778 2100; x_wconf 85' lang='lat' dir='ltr'><strong>carmine</strong></span> <span class='ocrx_word' id='word_1_65' title='bbox 792 2038 883 2117; x_wconf 89' lang='lat' dir='ltr'><strong>digna</strong></span> <span class='ocrx_word' id='word_1_66' title='bbox 896 2050 949 2099; x_wconf 87' lang='lat' dir='ltr'><strong>est</strong></span> 
     </span>
     <span class='ocr_line' id='line_1_12' title="bbox 93 2132 804 2211; baseline 0.004 -22"><span class='ocrx_word' id='word_1_67' title='bbox 93 2135 184 2193; x_wconf 88' lang='lat' dir='ltr'><strong>Vasta</strong></span> <span class='ocrx_word' id='word_1_68' title='bbox 198 2133 355 2211; x_wconf 85' lang='lat' dir='ltr'><strong>Giganteis</strong></span> <span class='ocrx_word' id='word_1_69' title='bbox 369 2132 480 2209; x_wconf 85' lang='lat' dir='ltr'><strong>injecta</strong></span> <span class='ocrx_word' id='word_1_70' title='bbox 493 2143 540 2193; x_wconf 89' lang='lat' dir='ltr'><strong>est</strong></span> <span class='ocrx_word' id='word_1_71' title='bbox 553 2132 650 2192; x_wconf 90' lang='lat' dir='ltr'><strong>insula</strong></span> <span class='ocrx_word' id='word_1_72' title='bbox 664 2132 804 2194; x_wconf 85' lang='lat' dir='ltr'><strong>membris</strong></span> 
     </span>
     <span class='ocr_line' id='line_1_13' title="bbox 93 2225 852 2303; baseline 0.001 -18"><span class='ocrx_word' id='word_1_73' title='bbox 93 2227 251 2300; x_wconf 88' lang='lat' dir='ltr'><strong>Trinacris,</strong></span> <span class='ocrx_word' id='word_1_74' title='bbox 268 2237 298 2285; x_wconf 92' lang='lat' dir='ltr'><strong>et</strong></span> <span class='ocrx_word' id='word_1_75' title='bbox 312 2225 429 2302; x_wconf 87' lang='lat' dir='ltr'><strong>magnis</strong></span> <span class='ocrx_word' id='word_1_76' title='bbox 443 2227 609 2302; x_wconf 88' lang='lat' dir='ltr'><strong>subjectum</strong></span> <span class='ocrx_word' id='word_1_77' title='bbox 624 2226 753 2286; x_wconf 84' lang='lat' dir='ltr'><strong>molibus</strong></span> <span class='ocrx_word' id='word_1_78' title='bbox 768 2236 852 2303; x_wconf 89' lang='lat' dir='ltr'><strong>urget</strong></span> 
     </span>
     <span class='ocr_line' id='line_1_14' title="bbox 94 2319 766 2396; baseline 0.001 -19"><span class='ocrx_word' id='word_1_79' title='bbox 94 2320 247 2379; x_wconf 79' lang='lat' dir='ltr'><strong>Aetherias</strong></span> <span class='ocrx_word' id='word_1_80' title='bbox 263 2338 367 2378; x_wconf 87' lang='lat' dir='ltr'><strong>ausum</strong></span> <span class='ocrx_word' id='word_1_81' title='bbox 381 2338 498 2395; x_wconf 86' lang='lat' dir='ltr'><strong>sperare</strong></span> <span class='ocrx_word' id='word_1_82' title='bbox 512 2320 659 2396; x_wconf 74' lang='lat' dir='ltr'><strong>Typhoea</strong></span> <span class='ocrx_word' id='word_1_83' title='bbox 672 2319 766 2378; x_wconf 89' lang='lat' dir='ltr'><strong>sedes.</strong></span> 
     </span>
    </p>

    <p class='ocr_par' dir='ltr' id='par_1_6' title="bbox 94 2412 915 2955">
     <span class='ocr_line' id='line_1_15' title="bbox 95 2412 878 2490; baseline 0 -19"><span class='ocrx_word' id='word_1_84' title='bbox 95 2413 204 2472; x_wconf 85' lang='lat' dir='ltr'><strong>Nititur</strong></span> <span class='ocrx_word' id='word_1_85' title='bbox 218 2413 268 2472; x_wconf 89' lang='lat' dir='ltr'><strong>ille</strong></span> <span class='ocrx_word' id='word_1_86' title='bbox 282 2412 405 2490; x_wconf 92' lang='lat' dir='ltr'><strong>quidem</strong></span> <span class='ocrx_word' id='word_1_87' title='bbox 419 2425 590 2489; x_wconf 87' lang='lat' dir='ltr'><strong>pugnatque</strong></span> <span class='ocrx_word' id='word_1_88' title='bbox 604 2430 753 2488; x_wconf 88' lang='lat' dir='ltr'><strong>resurgere</strong></span> <span class='ocrx_word' id='word_1_89' title='bbox 769 2430 878 2488; x_wconf 82' lang='lat' dir='ltr'><strong>saepe3</strong></span> 
     </span>
     <span class='ocr_line' id='line_1_16' title="bbox 96 2506 883 2581; baseline 0 -17"><span class='ocrx_word' id='word_1_90' title='bbox 96 2508 207 2564; x_wconf 84' lang='lat' dir='ltr'><strong>Dextra</strong></span> <span class='ocrx_word' id='word_1_91' title='bbox 222 2507 274 2565; x_wconf 90' lang='lat' dir='ltr'><strong>sed</strong></span> <span class='ocrx_word' id='word_1_92' title='bbox 289 2506 425 2566; x_wconf 86' lang='lat' dir='ltr'><strong>Ausonio</strong></span> <span class='ocrx_word' id='word_1_93' title='bbox 439 2525 544 2565; x_wconf 88' lang='lat' dir='ltr'><strong>manus</strong></span> <span class='ocrx_word' id='word_1_94' title='bbox 559 2518 603 2565; x_wconf 90' lang='lat' dir='ltr'><strong>est</strong></span> <span class='ocrx_word' id='word_1_95' title='bbox 617 2507 753 2581; x_wconf 88' lang='lat' dir='ltr'><strong>subjecta</strong></span> <span class='ocrx_word' id='word_1_96' title='bbox 767 2506 883 2577; x_wconf 90' lang='lat' dir='ltr'><strong>Peloro,</strong></span> 
     </span>
     <span class='ocr_line' id='line_1_17' title="bbox 96 2599 899 2675; baseline -0.001 -18"><span class='ocrx_word' id='word_1_97' title='bbox 96 2601 201 2671; x_wconf 80' lang='lat' dir='ltr'><strong>Laeva,</strong></span> <span class='ocrx_word' id='word_1_98' title='bbox 219 2600 367 2675; x_wconf 86' lang='lat' dir='ltr'><strong>Pachyne,</strong></span> <span class='ocrx_word' id='word_1_99' title='bbox 383 2599 446 2672; x_wconf 91' lang='lat' dir='ltr'><strong>tibi,</strong></span> <span class='ocrx_word' id='word_1_100' title='bbox 464 2600 606 2675; x_wconf 88' lang='lat' dir='ltr'><strong>Lilybaeo</strong></span> <span class='ocrx_word' id='word_1_101' title='bbox 621 2617 705 2657; x_wconf 91' lang='lat' dir='ltr'><strong>crura</strong></span> <span class='ocrx_word' id='word_1_102' title='bbox 719 2610 899 2675; x_wconf 87' lang='lat' dir='ltr'><strong>premuntur,</strong></span> 
     </span>
     <span class='ocr_line' id='line_1_18' title="bbox 96 2691 915 2770; baseline -0.002 -20"><span class='ocrx_word' id='word_1_103' title='bbox 96 2694 242 2770; x_wconf 84' lang='lat' dir='ltr'><strong>Degravat</strong></span> <span class='ocrx_word' id='word_1_104' title='bbox 257 2695 358 2753; x_wconf 78' lang='lat' dir='ltr'><strong>Aetna</strong></span> <span class='ocrx_word' id='word_1_105' title='bbox 371 2704 478 2769; x_wconf 90' lang='lat' dir='ltr'><strong>caput:</strong></span> <span class='ocrx_word' id='word_1_106' title='bbox 500 2694 555 2752; x_wconf 91' lang='lat' dir='ltr'><strong>sub</strong></span> <span class='ocrx_word' id='word_1_107' title='bbox 569 2711 629 2768; x_wconf 94' lang='lat' dir='ltr'><strong>qua</strong></span> <span class='ocrx_word' id='word_1_108' title='bbox 642 2691 797 2767; x_wconf 90' lang='lat' dir='ltr'><strong>resupinus</strong></span> <span class='ocrx_word' id='word_1_109' title='bbox 812 2709 915 2749; x_wconf 89' lang='lat' dir='ltr'><strong>arenas</strong></span> 
     </span>
     <span class='ocr_line' id='line_1_19' title="bbox 96 2784 869 2863; baseline -0.003 -19"><span class='ocrx_word' id='word_1_110' title='bbox 96 2787 209 2863; x_wconf 88' lang='lat' dir='ltr'><strong>Ejectat</strong></span> <span class='ocrx_word' id='word_1_111' title='bbox 223 2786 433 2861; x_wconf 88' lang='lat' dir='ltr'><strong>flammamque</strong></span> <span class='ocrx_word' id='word_1_112' title='bbox 447 2786 509 2844; x_wconf 87' lang='lat' dir='ltr'><strong>sero</strong></span> <span class='ocrx_word' id='word_1_113' title='bbox 524 2784 617 2844; x_wconf 89' lang='lat' dir='ltr'><strong>vomit</strong></span> <span class='ocrx_word' id='word_1_114' title='bbox 631 2803 682 2843; x_wconf 93' lang='lat' dir='ltr'><strong>ore</strong></span> <span class='ocrx_word' id='word_1_115' title='bbox 696 2785 869 2862; x_wconf 74' lang='lat' dir='ltr'><strong>Typhoeus.</strong></span> 
     </span>
     <span class='ocr_line' id='line_1_20' title="bbox 94 2878 735 2955; baseline -0.005 -18"><span class='ocrx_word' id='word_1_116' title='bbox 94 2880 187 2955; x_wconf 86' lang='lat' dir='ltr'><strong>Saepe</strong></span> <span class='ocrx_word' id='word_1_117' title='bbox 202 2878 329 2938; x_wconf 87' lang='lat' dir='ltr'><strong>remoliri</strong></span> <span class='ocrx_word' id='word_1_118' title='bbox 345 2879 472 2937; x_wconf 88' lang='lat' dir='ltr'><strong>luctatur</strong></span> <span class='ocrx_word' id='word_1_119' title='bbox 485 2878 619 2954; x_wconf 89' lang='lat' dir='ltr'><strong>pondera</strong></span> <span class='ocrx_word' id='word_1_120' title='bbox 633 2888 735 2949; x_wconf 87' lang='lat' dir='ltr'><strong>terrae,</strong></span> 
     </span>
    </p>

    <p class='ocr_par' dir='ltr' id='par_1_7' title="bbox 96 2972 911 3139">
     <span class='ocr_line' id='line_1_21' title="bbox 96 2972 911 3047; baseline -0.006 -16"><span class='ocrx_word' id='word_1_121' title='bbox 96 2972 274 3047; x_wconf 88' lang='lat' dir='ltr'><strong>Oppidaque</strong></span> <span class='ocrx_word' id='word_1_122' title='bbox 290 2981 320 3030; x_wconf 91' lang='lat' dir='ltr'><strong>et</strong></span> <span class='ocrx_word' id='word_1_123' title='bbox 335 2989 459 3047; x_wconf 85' lang='lat' dir='ltr'><strong>magnos</strong></span> <span class='ocrx_word' id='word_1_124' title='bbox 474 2972 631 3030; x_wconf 88' lang='lat' dir='ltr'><strong>devolvere</strong></span> <span class='ocrx_word' id='word_1_125' title='bbox 647 2989 771 3046; x_wconf 88' lang='lat' dir='ltr'><strong>corpore</strong></span> <span class='ocrx_word' id='word_1_126' title='bbox 786 2980 911 3028; x_wconf 90' lang='lat' dir='ltr'><strong>montes.</strong></span> 
     </span>
     <span class='ocr_line' id='line_1_22' title="bbox 98 3063 849 3139; baseline -0.001 -18"><span class='ocrx_word' id='word_1_127' title='bbox 98 3065 169 3123; x_wconf 92' lang='lat' dir='ltr'><strong>Inde</strong></span> <span class='ocrx_word' id='word_1_128' title='bbox 185 3064 283 3123; x_wconf 84' lang='lat' dir='ltr'><strong>tremit</strong></span> <span class='ocrx_word' id='word_1_129' title='bbox 298 3065 394 3135; x_wconf 85' lang='lat' dir='ltr'><strong>tellus,</strong></span> <span class='ocrx_word' id='word_1_130' title='bbox 411 3075 440 3123; x_wconf 90' lang='lat' dir='ltr'><strong>et</strong></span> <span class='ocrx_word' id='word_1_131' title='bbox 455 3083 506 3122; x_wconf 81' lang='lat' dir='ltr'><strong>rex</strong></span> <span class='ocrx_word' id='word_1_132' title='bbox 520 3075 608 3139; x_wconf 89' lang='lat' dir='ltr'><strong>pavet</strong></span> <span class='ocrx_word' id='word_1_133' title='bbox 622 3063 685 3138; x_wconf 91' lang='lat' dir='ltr'><strong>ipse</strong></span> <span class='ocrx_word' id='word_1_134' title='bbox 701 3063 849 3134; x_wconf 88' lang='lat' dir='ltr'><strong>silentum,</strong></span> 
     </span>
    </p>

    <p class='ocr_par' dir='ltr' id='par_1_8' title="bbox 93 3156 932 4164">
     <span class='ocr_line' id='line_1_23' title="bbox 97 3156 769 3233; baseline -0.003 -18"><span class='ocrx_word' id='word_1_135' title='bbox 97 3159 141 3216; x_wconf 77' lang='lat' dir='ltr'><strong>Ne</strong></span> <span class='ocrx_word' id='word_1_136' title='bbox 156 3169 257 3233; x_wconf 85' lang='lat' dir='ltr'><strong>pateat</strong></span> <span class='ocrx_word' id='word_1_137' title='bbox 272 3159 393 3232; x_wconf 86' lang='lat' dir='ltr'><strong>latoque</strong></span> <span class='ocrx_word' id='word_1_138' title='bbox 408 3158 504 3216; x_wconf 90' lang='lat' dir='ltr'><strong>solum</strong></span> <span class='ocrx_word' id='word_1_139' title='bbox 518 3167 665 3233; x_wconf 89' lang='lat' dir='ltr'><strong>retegatur</strong></span> <span class='ocrx_word' id='word_1_140' title='bbox 679 3156 769 3227; x_wconf 88' lang='lat' dir='ltr'><strong>hiatu,</strong></span> 
     </span>
     <span class='ocr_line' id='line_1_24' title="bbox 98 3248 848 3325; baseline -0.004 -18"><span class='ocrx_word' id='word_1_141' title='bbox 98 3251 308 3325; x_wconf 89' lang='lat' dir='ltr'><strong>lmmissusque</strong></span> <span class='ocrx_word' id='word_1_142' title='bbox 324 3250 388 3308; x_wconf 90' lang='lat' dir='ltr'><strong>dies</strong></span> <span class='ocrx_word' id='word_1_143' title='bbox 404 3248 586 3325; x_wconf 90' lang='lat' dir='ltr'><strong>trepidantes</strong></span> <span class='ocrx_word' id='word_1_144' title='bbox 601 3260 707 3308; x_wconf 86' lang='lat' dir='ltr'><strong>terreat</strong></span> <span class='ocrx_word' id='word_1_145' title='bbox 721 3248 848 3311; x_wconf 79' lang='lat' dir='ltr'><strong>umbras</strong></span> 
     </span>
     <span class='ocr_line' id='line_1_25' title="bbox 97 3342 883 3416; baseline -0.004 -16"><span class='ocrx_word' id='word_1_146' title='bbox 97 3344 184 3401; x_wconf 89' lang='lat' dir='ltr'><strong>Hanc</strong></span> <span class='ocrx_word' id='word_1_147' title='bbox 199 3354 335 3400; x_wconf 87' lang='lat' dir='ltr'><strong>metuens</strong></span> <span class='ocrx_word' id='word_1_148' title='bbox 350 3342 468 3401; x_wconf 89' lang='lat' dir='ltr'><strong>cladem</strong></span> <span class='ocrx_word' id='word_1_149' title='bbox 484 3343 641 3401; x_wconf 91' lang='lat' dir='ltr'><strong>tenebrosa</strong></span> <span class='ocrx_word' id='word_1_150' title='bbox 656 3342 727 3399; x_wconf 90' lang='lat' dir='ltr'><strong>sede</strong></span> <span class='ocrx_word' id='word_1_151' title='bbox 743 3355 883 3416; x_wconf 85' lang='lat' dir='ltr'><strong>tyrannus</strong></span> 
     </span>
     <span class='ocr_line' id='line_1_26' title="bbox 97 3436 803 3510; baseline -0.004 -17"><span class='ocrx_word' id='word_1_152' title='bbox 97 3436 220 3508; x_wconf 81' lang='lat' dir='ltr'><strong>Exierat,</strong></span> <span class='ocrx_word' id='word_1_153' title='bbox 236 3454 383 3510; x_wconf 91' lang='lat' dir='ltr'><strong>curruque</strong></span> <span class='ocrx_word' id='word_1_154' title='bbox 397 3447 526 3494; x_wconf 89' lang='lat' dir='ltr'><strong>atromm</strong></span> <span class='ocrx_word' id='word_1_155' title='bbox 541 3445 644 3493; x_wconf 92' lang='lat' dir='ltr'><strong>vectus</strong></span> <span class='ocrx_word' id='word_1_156' title='bbox 659 3452 803 3509; x_wconf 91' lang='lat' dir='ltr'><strong>equorum</strong></span> 
     </span>
     <span class='ocr_line' id='line_1_27' title="bbox 95 3527 791 3588; baseline -0.001 -4"><span class='ocrx_word' id='word_1_157' title='bbox 95 3529 235 3587; x_wconf 82' lang='lat' dir='ltr'><strong>Ambibat</strong></span> <span class='ocrx_word' id='word_1_158' title='bbox 250 3528 369 3588; x_wconf 89' lang='lat' dir='ltr'><strong>Siculae</strong></span> <span class='ocrx_word' id='word_1_159' title='bbox 383 3540 487 3587; x_wconf 88' lang='lat' dir='ltr'><strong>cautus</strong></span> <span class='ocrx_word' id='word_1_160' title='bbox 501 3527 676 3586; x_wconf 86' lang='lat' dir='ltr'><strong>fundamina</strong></span> <span class='ocrx_word' id='word_1_161' title='bbox 691 3538 791 3586; x_wconf 88' lang='lat' dir='ltr'><strong>terrae.</strong></span> 
     </span>
     <span class='ocr_line' id='line_1_28' title="bbox 96 3618 910 3697; baseline -0.002 -19"><span class='ocrx_word' id='word_1_162' title='bbox 96 3621 255 3697; x_wconf 84' lang='lat' dir='ltr'><strong>Postquam</strong></span> <span class='ocrx_word' id='word_1_163' title='bbox 270 3621 455 3697; x_wconf 86' lang='lat' dir='ltr'><strong>exploratum</strong></span> <span class='ocrx_word' id='word_1_164' title='bbox 471 3620 541 3680; x_wconf 88' lang='lat' dir='ltr'><strong>satis</strong></span> <span class='ocrx_word' id='word_1_165' title='bbox 556 3631 609 3692; x_wconf 88' lang='lat' dir='ltr'><strong>est,</strong></span> <span class='ocrx_word' id='word_1_166' title='bbox 626 3621 692 3678; x_wconf 91' lang='lat' dir='ltr'><strong>loca</strong></span> <span class='ocrx_word' id='word_1_167' title='bbox 706 3619 788 3678; x_wconf 92' lang='lat' dir='ltr'><strong>nulla</strong></span> <span class='ocrx_word' id='word_1_168' title='bbox 801 3618 910 3690; x_wconf 91' lang='lat' dir='ltr'><strong>labare,</strong></span> 
     </span>
     <span class='ocr_line' id='line_1_29' title="bbox 96 3711 912 3790; baseline -0.005 -19"><span class='ocrx_word' id='word_1_169' title='bbox 96 3714 290 3790; x_wconf 86' lang='lat' dir='ltr'><strong>Depositique</strong></span> <span class='ocrx_word' id='word_1_170' title='bbox 306 3724 410 3785; x_wconf 74' lang='lat' dir='ltr'><strong>metuS,</strong></span> <span class='ocrx_word' id='word_1_171' title='bbox 423 3712 505 3772; x_wconf 88' lang='lat' dir='ltr'><strong>videt</strong></span> <span class='ocrx_word' id='word_1_172' title='bbox 519 3713 598 3771; x_wconf 89' lang='lat' dir='ltr'><strong>hunc</strong></span> <span class='ocrx_word' id='word_1_173' title='bbox 615 3711 741 3789; x_wconf 89' lang='lat' dir='ltr'><strong>Erycina</strong></span> <span class='ocrx_word' id='word_1_174' title='bbox 755 3722 912 3787; x_wconf 87' lang='lat' dir='ltr'><strong>vagantem</strong></span> 
     </span>
     <span class='ocr_line' id='line_1_30' title="bbox 96 3806 932 3883; baseline -0.001 -19"><span class='ocrx_word' id='word_1_175' title='bbox 96 3807 200 3866; x_wconf 88' lang='lat' dir='ltr'><strong>Monte</strong></span> <span class='ocrx_word' id='word_1_176' title='bbox 215 3826 269 3866; x_wconf 88' lang='lat' dir='ltr'><strong>suo</strong></span> <span class='ocrx_word' id='word_1_177' title='bbox 285 3807 427 3877; x_wconf 88' lang='lat' dir='ltr'><strong>residens,</strong></span> <span class='ocrx_word' id='word_1_178' title='bbox 444 3818 606 3883; x_wconf 89' lang='lat' dir='ltr'><strong>natumque</strong></span> <span class='ocrx_word' id='word_1_179' title='bbox 621 3806 758 3881; x_wconf 88' lang='lat' dir='ltr'><strong>amplexa</strong></span> <span class='ocrx_word' id='word_1_180' title='bbox 772 3806 932 3876; x_wconf 89' lang='lat' dir='ltr'><strong>volucrem,</strong></span> 
     </span>
     <span class='ocr_line' id='line_1_31' title="bbox 93 3896 916 3975; baseline -0.002 -18"><span class='ocrx_word' id='word_1_181' title='bbox 93 3902 183 3958; x_wconf 80' lang='lat' dir='ltr'><strong>Anna</strong></span> <span class='ocrx_word' id='word_1_182' title='bbox 196 3918 364 3975; x_wconf 90' lang='lat' dir='ltr'><strong>manusque</strong></span> <span class='ocrx_word' id='word_1_183' title='bbox 379 3918 473 3971; x_wconf 90' lang='lat' dir='ltr'><strong>meae,</strong></span> <span class='ocrx_word' id='word_1_184' title='bbox 489 3917 564 3970; x_wconf 90' lang='lat' dir='ltr'><strong>mea,</strong></span> <span class='ocrx_word' id='word_1_185' title='bbox 581 3911 658 3972; x_wconf 87' lang='lat' dir='ltr'><strong>nate,</strong></span> <span class='ocrx_word' id='word_1_186' title='bbox 674 3897 817 3974; x_wconf 90' lang='lat' dir='ltr'><strong>potentia,</strong></span> <span class='ocrx_word' id='word_1_187' title='bbox 833 3896 916 3970; x_wconf 79' lang='lat' dir='ltr'><strong>dixit,</strong></span> 
     </span>
     <span class='ocr_line' id='line_1_32' title="bbox 94 3990 862 4069; baseline -0.001 -19"><span class='ocrx_word' id='word_1_188' title='bbox 94 3994 155 4066; x_wconf 86' lang='lat' dir='ltr'><strong>Illa,</strong></span> <span class='ocrx_word' id='word_1_189' title='bbox 172 3993 280 4069; x_wconf 90' lang='lat' dir='ltr'><strong>quibus</strong></span> <span class='ocrx_word' id='word_1_190' title='bbox 295 4011 417 4068; x_wconf 86' lang='lat' dir='ltr'><strong>superas</strong></span> <span class='ocrx_word' id='word_1_191' title='bbox 432 4011 545 4063; x_wconf 83' lang='lat' dir='ltr'><strong>omnes,</strong></span> <span class='ocrx_word' id='word_1_192' title='bbox 561 4011 635 4067; x_wconf 90' lang='lat' dir='ltr'><strong>cape</strong></span> <span class='ocrx_word' id='word_1_193' title='bbox 649 3993 717 4064; x_wconf 87' lang='lat' dir='ltr'><strong>tela,</strong></span> <span class='ocrx_word' id='word_1_194' title='bbox 734 3990 862 4068; x_wconf 92' lang='lat' dir='ltr'><strong>Cupido,</strong></span> 
     </span>
     <span class='ocr_line' id='line_1_33' title="bbox 93 4084 765 4164; baseline -0.001 -20"><span class='ocrx_word' id='word_1_195' title='bbox 93 4088 187 4164; x_wconf 89' lang='lat' dir='ltr'><strong>Inque</strong></span> <span class='ocrx_word' id='word_1_196' title='bbox 202 4087 252 4146; x_wconf 91' lang='lat' dir='ltr'><strong>dei</strong></span> <span class='ocrx_word' id='word_1_197' title='bbox 267 4097 374 4164; x_wconf 91' lang='lat' dir='ltr'><strong>pectus</strong></span> <span class='ocrx_word' id='word_1_198' title='bbox 388 4085 500 4145; x_wconf 90' lang='lat' dir='ltr'><strong>celeres</strong></span> <span class='ocrx_word' id='word_1_199' title='bbox 515 4084 619 4144; x_wconf 91' lang='lat' dir='ltr'><strong>molire</strong></span> <span class='ocrx_word' id='word_1_200' title='bbox 634 4084 765 4161; x_wconf 88' lang='lat' dir='ltr'><strong>sagittas,</strong></span> 
     </span>
    </p>
   </div>
   <div class='ocr_carea' id='block_1_6' title="bbox 0 0 1310 4926">
    <p class='ocr_par' dir='ltr' id='par_1_9' title="bbox 0 0 1310 4926">
     <span class='ocr_line' id='line_1_34' title="bbox 0 0 1310 4926; baseline 0 1"><span class='ocrx_word' id='word_1_201' title='bbox 0 0 1310 4926; x_wconf 95' lang='lat' dir='ltr'><strong> </strong></span> 
     </span>
    </p>
   </div>
  </div>
 </body>
</html>
