2610 4926
96 641 135 704 50
429 642 454 687 P.
477 641 576 687 ovum
599 641 734 687 tthsoma

95 788 216 864 Oraque
231 787 366 848 caerulea
379 787 506 865 patrium
520 786 679 848 clamantia
692 806 802 847 nomen

95 879 289 956 Excipiuntur
303 900 388 957 aqua,
404 900 480 957 quae
495 899 605 940 nomen
620 880 708 940 traxit
722 881 760 940 ab
775 879 834 941 illo.

92 975 135 1033 At
149 985 233 1050 pater
246 972 354 1046 infelix,
371 992 426 1033 nec
439 975 501 1051 jam
515 985 606 1050 pater,
623 975 726 1033 lcarel
748 973 830 1046 dixit,

95 1067 188 1139 Icare,
205 1065 286 1139 dixit,
302 1065 353 1126 ubi
368 1068 420 1126 esi
461 1067 529 1141 Qua
543 1078 572 1126 te
587 1066 706 1143 regione
720 1065 877 1143 requiram,

95 1160 197 1218 Icare!
219 1158 356 1219 dicebat:
377 1177 491 1236 pennas
505 1159 662 1235 conspexit
675 1159 705 1218 in
720 1159 817 1233 undis,

88 1251 283 1332 ¹Devovitque
298 1270 367 1312 suas
380 1262 465 1324 artes,
478 1270 644 1328 corpusque
660 1253 795 1329 sepulcro

95 1343 257 1418 Condidit;
277 1355 308 1405 et
323 1345 408 1404 tellus
423 1363 441 1403 a
454 1344 576 1405 nomine
591 1345 671 1406 dicta
685 1344 801 1422 sepulti.

194 1448 213 1487 a
353 1450 371 1485 ι
512 1450 530 1486 ι
671 1449 690 1488 s
831 1447 850 1486 s

216 1531 367 1589 Immensa
381 1540 426 1589 est
440 1531 590 1607 finemque
604 1531 738 1608 potentia
752 1529 830 1590 coeli

95 1625 165 1683 Non
180 1622 279 1693 habet,
296 1635 326 1682 et
340 1622 481 1699 quicquid
496 1623 594 1701 superi
608 1625 736 1695 voluere,
752 1634 902 1700 peractum
917 1631 970 1683 est.

94 1717 224 1792 Quoque
239 1714 336 1774 minus
350 1715 477 1789 dubites,
493 1716 572 1777 tiliae
587 1716 770 1776 contermina
784 1734 910 1792 quercus

94 1808 231 1870 Collibus
245 1818 292 1867 est
307 1807 448 1886 Phrygiis,
464 1808 585 1869 modico
599 1809 781 1869 circumdata
795 1826 886 1867 muro.

95 1903 165 1979 Ipse
180 1901 279 1960 locum
293 1900 372 1961 vidi:
393 1920 464 1962 nam
478 1920 526 1961 me
542 1902 683 1979 Pelopeia
700 1901 835 1961 Pittheus

96 1993 180 2053 Misit
194 1993 223 2052 in
239 2013 316 2066 arva,
332 2013 388 2054 suo
402 1996 555 2071 quondam
569 2006 690 2071 regnata
704 1993 827 2071 parenti.

95 2087 189 2146 Haud
203 2088 307 2164 procul
322 2087 392 2146 hinc
407 2101 552 2166 stagnum,
569 2089 655 2147 tellus
670 2085 840 2147 habitabilis
855 2085 945 2161 olim;

96 2182 185 2240 Nunc
199 2181 331 2240 celebres
346 2181 452 2257 mergis
466 2180 619 2256 fulicisque
634 2179 814 2257 palustribus
828 2180 935 2240 undae.

95 2272 210 2350 Jupiter
224 2273 282 2332 huc
297 2273 395 2350 specie
410 2273 534 2347 mortali,
551 2291 679 2348 cumque
693 2283 816 2356 parente
839 2349 842 2355 Ι

95 2365 188 2425 Venit
202 2365 388 2425 Atlantiades
402 2365 508 2443 positis
521 2365 671 2425 caducifer
685 2365 747 2425 alis.

96 2458 182 2518 Mille
197 2460 304 2518 domos
319 2459 425 2532 adiere,
442 2460 539 2519 locum
555 2459 745 2535 requiemque
760 2470 915 2536 petentes;

96 2551 182 2611 Mille
199 2553 306 2611 domos
320 2553 451 2612 clausere
466 2571 554 2611 serae.
580 2612 583 2621 ,
598 2553 713 2610 Tamen
729 2571 789 2610 una
803 2551 921 2628 recepit,

96 2647 191 2704 Parva
204 2644 334 2721 quidem,
351 2644 466 2721 stipulis
480 2657 510 2704 et
524 2663 620 2706 canna
635 2656 713 2703 tecta
726 2645 847 2721 palustri
859 2667 868 2719 ;

96 2738 154 2797 Sed
170 2737 218 2814 pia
234 2738 339 2797 Baucis
353 2757 427 2796 anus
443 2738 584 2814 parilique
599 2748 696 2798 aetate
716 2737 871 2797 Philemon

97 2831 154 2890 Illa
169 2842 236 2889 sunt
251 2831 335 2890 annis
348 2830 442 2907 juncti
458 2831 646 2907 juvenilibus,
662 2831 712 2890 illa

97 2925 288 2984 Consenuere
303 2943 381 2996 casa,
397 2934 661 3001 paupertatemque
676 2924 798 2982 fatendo

12 3020 15 3027 ’
97 3017 229 3076 Effecere
245 3017 339 3075 levem
355 3037 409 3076 nec
425 3016 526 3092 iniqua
541 3028 639 3076 mente
655 3016 814 3075 ferendam.

97 3111 126 3167 N
129 3129 162 3168 ec
178 3110 272 3181 refert,
289 3109 429 3169 dominos
445 3110 503 3169 illie
518 3111 684 3168 famulosne
699 3109 848 3185 requiras:

96 3203 176 3261 Tota
190 3203 296 3262 domus
312 3204 372 3262 duo
387 3215 464 3276 sunt,
480 3203 558 3261 idem
574 3214 736 3279 parentque
750 3204 923 3279 jubentque.

98 3296 176 3371 Ergo
191 3294 241 3354 ubi
256 3297 417 3355 coelicolae
433 3315 539 3372 parvos
554 3295 675 3372 tetigere
690 3307 821 3372 penates,

97 3387 311 3464 Submissoque
327 3388 453 3447 humiles
469 3388 612 3448 intrarunt
627 3389 734 3447 vertice
750 3399 860 3465 postes,

98 3481 237 3539 Membra
251 3500 342 3540 senex
356 3481 455 3557 posito
467 3481 554 3558 jussit
568 3482 696 3540 relevare
713 3481 806 3553 sedili,

98 3574 168 3647 Quo
183 3573 373 3649 superinjecit
389 3583 500 3631 textum
516 3573 588 3632 rude
603 3573 707 3632 sedula
722 3573 835 3632 Baucis.

98 3666 175 3724 lnde
191 3665 258 3724 foco
275 3665 407 3742 tepidum
423 3665 551 3724 cinerem
567 3664 699 3736 dimovit,
715 3677 745 3724 et
760 3664 844 3741 ignes

98 3756 225 3818 Suscitat
240 3759 404 3829 hesternos,
422 3757 558 3832 foliisque
572 3767 601 3816 et
616 3757 725 3817 cortice
740 3758 822 3818 sicco

98 3850 207 3922 Nutrit,
224 3862 253 3909 et
268 3850 306 3908 ad
322 3849 456 3907 flammas
470 3849 569 3908 anima
583 3850 720 3926 producit
735 3850 814 3925 anili,

5 3995 8 4000 .
99 3941 322 4019 Multifidasque
338 3943 417 4001 faces
432 3941 610 4018 ramaliaque
625 3943 706 4003 arida
721 3955 800 4004 tecto

99 4034 222 4109 Detulit,
238 4047 267 4094 et
282 4034 387 4094 minuit
401 4054 550 4112 parvoque
565 4036 697 4096 admovit
711 4037 828 4111 ahen03
