2610 4926
155 721 194 797 38
490 734 516 780 Ρ.
538 734 639 780 ovmn
661 734 794 779 nasonis

156 878 213 941 Cui
227 878 349 957 triplicis
363 879 453 940 cessit
466 881 585 941 fortuna
599 879 760 941 novissima
773 878 862 957 regni.

154 974 203 1032 Tu
217 991 339 1049 superos
353 971 511 1050 ipsumque
524 975 640 1050 Jovem,
656 984 688 1045 tu
702 973 826 1033 numina
839 972 924 1050 ponti

154 1065 243 1124 Victa
257 1066 362 1125 domas
376 1065 542 1143 ipsumque,
557 1067 631 1144 regit
645 1066 696 1142 qui
710 1065 833 1125 numina
847 1064 939 1143 ponti

154 1159 278 1218 Tartara
292 1158 364 1236 quid
378 1162 515 1219 cessant?
556 1161 617 1220 Cur
630 1178 692 1219 non
706 1159 867 1235 matrisque
882 1170 1024 1234 tuumque

156 1251 318 1328 Imperium
333 1253 465 1328 profers?
506 1252 612 1330 Agitur
625 1271 692 1329 pars
707 1252 793 1312 tertia
805 1251 918 1311 mundi.

156 1346 195 1403 Et
210 1355 310 1404 tamen
324 1344 355 1403 in
369 1346 464 1419 coelo,
478 1364 554 1422 quae
566 1347 628 1422 jam
643 1344 786 1422 patientia
800 1356 900 1404 nostra
914 1355 967 1418 est,

156 1437 335 1514 Spemimur,
351 1457 385 1497 ac
400 1457 517 1497 mecum
533 1437 609 1498 vires
623 1436 795 1498 minuuntur
809 1437 935 1497 Amoris

156 1531 281 1590 Pallada
295 1549 396 1591 nonne
410 1530 494 1590 vides
506 1530 768 1607 jaculatricemque
784 1530 913 1590 Dianam

156 1622 347 1684 Abscessisse
361 1622 455 1684 mihi?
496 1624 612 1684 Cereris
627 1643 747 1700 quoque
762 1623 822 1682 filia
836 1622 926 1699 virgo,

157 1717 187 1778 Si
202 1715 355 1794 patiemur,
372 1717 444 1776 erit:
465 1735 536 1776 nam
550 1736 619 1793 spes
633 1718 753 1777 affectat
766 1717 895 1776 easdem

157 1813 199 1869 At
214 1821 254 1883 tu,
269 1828 324 1887 pro
338 1808 421 1870 socio
435 1808 460 1868 si
475 1828 534 1888 qua
545 1820 589 1870 est
604 1809 657 1869 tibi
671 1811 765 1887 gratia
778 1828 880 1888 regno,

155 1905 253 1980 Junge
268 1903 355 1961 deam
370 1913 482 1978 patruo.
527 1903 610 1963 Dixit
624 1905 746 1978 Venus;
767 1902 815 1962 ille
829 1903 997 1980 pharetram

159 1995 261 2068 Solvit,
277 2004 308 2056 et
322 1994 442 2055 arbitrio
456 1996 557 2056 matris
571 1997 610 2057 de
624 1997 704 2056 mille
719 1995 832 2072 sagittis

157 2091 260 2150 Unam
274 2088 415 2166 seposuit,
432 2090 485 2149 sed
499 2109 560 2166 qua
572 2109 629 2149 nec
644 2088 759 2148 acutior
771 2089 832 2147 ulla

158 2186 224 2243 Nec
239 2181 336 2241 minus
351 2181 463 2242 incerta
477 2194 530 2256 est,
546 2202 602 2242 nec
616 2201 693 2259 quae
707 2181 800 2258 magis
815 2179 917 2240 audiat
934 2199 1056 2255 arcum3

158 2274 368 2353 Oppositoque
383 2294 461 2352 genu
476 2276 608 2335 curvavit
622 2274 720 2334 flexile
735 2293 868 2347 comum,

158 2370 256 2444 Inque
270 2386 322 2426 cor
335 2367 455 2428 hamata
469 2368 614 2445 percussit
628 2367 772 2427 arundine
788 2366 897 2426 Ditem.

198 2461 293 2521 Haud
308 2462 410 2537 procul
427 2461 581 2521 Hennaeis
596 2462 678 2519 lacus
693 2472 739 2520 est
753 2479 770 2520 a
784 2458 942 2519 moenibus
957 2460 1043 2534 altae,

158 2553 290 2615 Nomine
306 2555 424 2630 Pergus,
440 2572 555 2631 aquae3
575 2573 637 2612 non
652 2554 703 2613 illo
718 2555 803 2630 plura
818 2555 958 2630 Caystros

159 2647 300 2709 Carmina
314 2666 475 2726 cygnorum
490 2648 658 2707 labentibus
672 2646 755 2706 audit
769 2646 799 2705 in
814 2647 921 2721 undis;

158 2741 238 2802 Silva
252 2752 376 2800 coronat
390 2759 490 2816 aquas,
507 2740 630 2817 cingens
644 2741 721 2799 latus
735 2760 833 2813 omne,
851 2740 970 2817 suisque

159 2833 337 2907 Frondibus,
352 2844 385 2892 ut
399 2835 475 2906 velo,
489 2833 647 2893 Phoebeos
662 2835 820 2893 submovet
833 2833 916 2910 ignes
928 2856 937 2908 3

160 2926 281 3004 Frigora
296 2926 368 2986 dant
383 2926 464 3000 rami,
479 2927 576 2986 varios
590 2927 698 2986 humus
712 2926 835 2986 humida
848 2927 956 3001 flores;

101 3010 107 3019 ’
159 3022 340 3097 Perpetuum
354 3039 405 3079 ver
419 3031 470 3079 est
515 3021 585 3094 Quo
600 3021 670 3079 dum
687 3020 864 3096 Proserpina
878 3021 946 3079 luco

159 3113 251 3173 Ludit
265 3124 295 3172 et
309 3124 360 3172 aut
374 3112 467 3171 violas
482 3123 532 3172 aut
546 3113 675 3172 candida
689 3113 749 3172 lilia
763 3112 865 3189 carpit,

160 3207 301 3281 Dumque
316 3204 438 3280 puellari
453 3205 551 3264 studio
566 3206 759 3281 calathosque
774 3206 931 3282 sinumque

160 3299 280 3375 Implet,
296 3308 325 3357 et
340 3298 479 3373 aequales
494 3309 586 3357 certat
601 3317 737 3375 superare
753 3298 890 3374 legendo,

160 3392 260 3450 Paene
275 3389 362 3449 simul
376 3389 439 3449 visa
452 3402 497 3450 est
511 3390 680 3467 dilectaque
695 3401 839 3467 raptaque
855 3389 936 3449 Diti:

160 3485 266 3559 Usque
281 3483 357 3542 adeo
372 3495 545 3560 properatur
559 3503 649 3543 amor.
694 3485 762 3543 Dea
776 3483 875 3542 territa
889 3494 1004 3542 maesto

161 3579 200 3636 Et
214 3587 337 3635 matrem
353 3587 382 3635 et
396 3577 530 3650 comites,
547 3577 599 3636 sed
614 3587 737 3639 matrem
753 3575 880 3652 saepius,
896 3595 947 3635 ore

161 3669 288 3741 Clamat,
304 3680 343 3742 et,
358 3681 391 3729 ut
406 3689 521 3728 summa
535 3683 647 3730 vestem
663 3669 786 3729 laniarat
801 3671 839 3728 ab
855 3687 914 3742 ora,

161 3760 289 3822 Collecti
302 3762 392 3822 flores
406 3762 514 3822 tunicis
528 3763 663 3821 cecidere
678 3760 807 3821 remissis
819 3783 828 3835 ;

160 3856 318 3931 Tantaque
333 3854 506 3932 simplicitas
520 3854 680 3932 puerilibus
695 3853 777 3913 affuit
792 3854 885 3926 annis,

161 3950 249 4008 Haec
264 3968 384 4026 quoque
399 3948 562 4025 virgineum
577 3945 670 4005 movit
682 3948 797 4023 jactura
811 3948 954 4007 dolorem.

161 4043 277 4119 Raptor
292 4042 351 4120 agit
365 4060 465 4101 currus
479 4049 509 4100 et
523 4039 645 4099 nomine
659 4059 810 4116 quemque
824 4053 947 4100 vocatos

162 4137 341 4197 Exhortatur
354 4153 457 4212 equos,
473 4151 599 4211 quorum
613 4152 667 4211 per
679 4135 758 4193 colla
770 4136 917 4211 jubasque
