2610 4882
519 665 679 711 smarnos
699 665 757 710 ΜΒ.
776 667 796 709 1.

168 800 308 874 Miratur
317 814 423 875 molem
438 814 567 886 Aeneas,
582 811 711 890 magalia
726 813 887 889 quondam,

169 896 306 968 Miratur
314 920 413 986 portas
428 905 645 982 strepitumque
659 917 689 964 et
700 916 792 965 strata
805 905 927 965 viamm

173 993 296 1062 Instant
306 1001 443 1061 ardentes
456 999 549 1077 Tyrii,
563 1017 633 1076 pars
647 997 755 1059 ducere
771 1018 871 1059 muros

171 1085 333 1171 Molirique
346 1112 445 1154 arcem
459 1102 490 1152 et
503 1078 648 1151 manibus'
657 1091 832 1152 subvolvere
847 1110 926 1165 saxa

175 1177 256 1245 Pars
265 1199 357 1265 optare
371 1187 473 1247 locum
486 1194 568 1245 tecto
581 1194 612 1244 et
625 1185 804 1244 concludere
818 1186 923 1259 sulco,
1109 1214 1148 1254 μς

174 1272 254 1347 Jura
263 1281 503 1360 magistratusque
517 1279 622 1357 legunt
636 1288 832 1354 sanctumque
847 1287 1005 1354 senatum3

180 1365 247 1430 Hic
257 1384 350 1449 portus
363 1373 413 1433 alii
428 1372 592 1432 effodiunt:
611 1371 661 1430 hie
674 1372 735 1430 alta
749 1371 854 1431 theatri

182 1458 376 1526 Fundamenta
390 1468 491 1526 locant
506 1464 564 1537 alii,
580 1464 785 1540 immanesque
800 1465 955 1524 columnas

182 1551 307 1633 Rupibus
320 1560 473 1632 excidunt,
488 1558 588 1618 scenis
602 1559 713 1617 decora
726 1558 788 1616 alta
801 1557 913 1616 futuris

178 1645 277 1720 Qualis
289 1671 359 1728 apes
373 1663 485 1712 aestate
499 1670 579 1711 nova
592 1669 645 1728 per
658 1650 750 1709 florea
763 1669 830 1709 rura

180 1736 295 1821 Exercet
308 1746 363 1805 sub
377 1747 441 1805 sole
456 1746 547 1817 labor,
563 1764 655 1822 quum
669 1743 765 1821 gentis
779 1743 897 1803 adultos

182 1828 307 1897 qucunt
320 1839 406 1911 setus,
421 1850 472 1897 aut
486 1857 577 1915 quum
591 1837 736 1914 liquentia
749 1837 839 1895 mella

183 1923 289 2004 Stipant
301 1943 331 1991 et
345 1931 425 1991 dulci
440 1931 613 1990 distendunt
627 1943 746 1991 nectare
761 1929 860 2001 cellas,

184 2017 242 2079 Aut
252 2041 332 2084 onera
346 2025 497 2102 accipiunt
511 2023 691 2095 uenientum,
707 2033 757 2082 aut
772 2023 889 2099 agmine
904 2021 984 2083 sacto

187 2109 311 2188 Ignarum
327 2119 410 2177 lucos
424 2136 516 2195 pecus
531 2136 549 2176 a
562 2116 755 2194 praesepibus
770 2104 888 2175 arcent:

191 2201 278 2268 Ferret
289 2230 371 2288 opus,
386 2212 582 2287 redolentque
597 2211 699 2287 thymo
714 2208 872 2286 fragrantia
885 2208 983 2271 mella.

193 2296 357 2377 Olortunati,
373 2323 499 2380 quorum
511 2304 573 2383 jam
588 2304 707 2362 moenia
722 2306 861 2379 surguntl

201 2391 288 2455 Aeneas
300 2398 347 2469 ait,
364 2409 393 2456 et
408 2397 523 2474 fastigia
538 2396 661 2474 suspicit
675 2397 762 2455 urbis.

202 2482 270 2547 lulert
281 2509 308 2549 se
323 2503 442 2567 saeptus
457 2491 613 2549 uebula-
623 2490 758 2549 mirabile
773 2489 853 2549 dictu
863 2525 903 2533 —

208 2575 243 2635 Per
252 2584 361 2656 nedios,
378 2585 542 2659 miscetque
557 2584 633 2656 viris,
649 2602 747 2659 neque
762 2584 889 2643 cernitur
903 2583 963 2643 ulli.

232 2672 307 2733 Lucus
321 2677 349 2734 in
364 2678 437 2736 urbe
452 2677 507 2735 fuit
520 2677 627 2748 media,
644 2664 821 2735 laetissimus
837 2678 966 2752 umbrae,

206 2759 253 2833 Quo
263 2768 376 2842 primum
390 2769 493 2845 jactati
508 2770 594 2828 undis
609 2780 639 2828 et
653 2768 769 2829 turbine
786 2770 878 2829 Poeni

208 2852 307 2920 Effudere
321 2863 388 2921 loco
403 2862 526 2938 signum,
543 2863 623 2939 quod
639 2863 718 2939 regia
731 2864 811 2938 Juno

207 2944 358 3027 Monstrarat,
375 2967 465 3032 caput
478 2955 554 3015 acris
569 2957 656 3032 equi:
678 2955 720 3015 sic
735 2975 804 3014 narn
820 2957 881 3014 sore
895 2956 977 3015 bello
1032 2941 1037 2952 ⁸

205 3038 323 3121 Fgregiam
338 3060 367 3107 et
382 3049 498 3108 facilem
512 3048 592 3107 victu
606 3068 659 3125 per
673 3049 790 3107 saecula
803 3059 931 3124 gentem.

202 3132 246 3194 Hic
258 3143 388 3217 templum
403 3141 515 3218 Junoni
530 3142 633 3218 ingens
650 3141 773 3201 Sidonia
789 3142 870 3199 Dido

198 3228 335 3306 Condebat,
351 3234 440 3294 donis
455 3236 629 3311 opulentum
645 3245 674 3294 et
689 3235 810 3293 numine
825 3235 920 3306 divae,

192 3323 271 3383 nerea
282 3329 325 3386 cui
339 3327 481 3405 gradibus
495 3330 652 3404 surgebant
668 3329 770 3386 limina
784 3345 939 3404 nexaeque

187 3419 255 3477 Aere
268 3422 366 3494 trabes,
383 3422 495 3481 loribus
508 3424 599 3502 cardo
614 3422 756 3481 stridebat
771 3422 860 3481 ainis.

185 3511 248 3570 Hoc
260 3514 380 3589 primum
395 3515 426 3572 in
442 3514 510 3574 luco
525 3534 603 3574 nova
618 3534 663 3574 res
678 3514 779 3574 oblata
794 3516 930 3574 timorem

178 3604 278 3678 Leniit,
293 3607 338 3666 hic
352 3607 481 3684 primum
496 3610 614 3666 Aeneas
629 3627 745 3683 sperare
761 3609 885 3666 salutem

175 3700 270 3757 Ausus
284 3712 311 3758 et
326 3700 440 3759 afflictis
455 3700 560 3760 melius
575 3701 725 3759 confidere
740 3701 835 3758 rebus,

171 3794 307 3867 Namque
323 3795 376 3852 sub
391 3792 505 3868 ingenti
520 3794 623 3852 lustrat
638 3795 708 3852 dum
725 3792 840 3868 singula
854 3793 974 3870 templo,

166 3885 314 3963 Reginam
330 3887 498 3964 opperiens,
514 3887 594 3959 dum,
611 3906 687 3962 quae
703 3888 834 3945 Fortuna
849 3887 886 3945 sit
900 3887 975 3959 urbi,

163 3979 381 4055 Artificumque
396 3998 504 4038 manus
519 3979 594 4038 inter
609 3999 641 4039 se
656 3998 838 4055 operumque
853 3981 983 4039 laborem

161 4072 301 4145 Miratur,
317 4073 398 4133 videt
414 4072 521 4132 Iliacas
536 4091 573 4132 ex
587 4072 691 4132 ordine
706 4091 821 4149 pugnas
