2610 4926
169 748 208 806 90
484 743 509 787 P.
531 742 664 787 VIRGlLII
686 740 829 786 startoms

169 889 232 951 Hic
245 899 346 950 vertex
360 887 448 950 nobis
462 907 580 967 semper
592 888 745 962 sublimis;
765 899 795 948 at
809 886 893 947 illum

169 985 230 1044 Sub
244 983 371 1060 pedibus
385 985 456 1059 Styx
471 994 533 1042 atra
547 981 629 1042 videt
643 984 810 1058 Manesque
824 976 970 1058 profundi.

169 1077 320 1135 Maximus
334 1075 383 1134 hic
397 1076 475 1135 flexu
490 1074 612 1135 sinuoso
627 1074 752 1135 elabitur
765 1073 880 1151 Anguis

84 1163 91 1174 ’
168 1169 289 1230 Circum
303 1186 415 1245 perque
429 1169 503 1228 duas
518 1167 548 1227 in
562 1187 675 1228 morem
689 1166 820 1227 fluminis
833 1168 950 1242 Arctoe,

167 1263 274 1321 Arctos
289 1260 403 1323 Oceani
418 1271 584 1321 metuentes
598 1278 726 1338 aequore
740 1259 842 1337 tingui

168 1354 245 1427 Illic,
260 1365 293 1413 ut
307 1353 472 1430 perhibent,
487 1364 538 1414 aut
552 1353 730 1430 intempesta
743 1351 810 1414 silet
824 1372 885 1414 nox

89 1468 91 1473 ·
170 1448 301 1524 Semper,
317 1457 347 1506 et
362 1446 486 1506 obtenta
499 1447 661 1506 densantur
674 1456 763 1506 nocte
778 1447 928 1521 tenebrae,

167 1546 230 1603 Aut
243 1542 319 1603 redit
333 1562 351 1602 a
365 1542 453 1602 nobis
467 1545 584 1602 Aurora
598 1541 737 1619 diemque
751 1541 874 1617 reducit,

168 1639 292 1713 Nosque
307 1635 357 1695 ubi
371 1635 483 1713 primus
497 1634 581 1712 equis
595 1634 703 1696 Oriens
712 1636 827 1711 ,afflavit
841 1632 963 1709 anhelis,

168 1729 234 1789 Illic
250 1747 315 1789 sera
327 1730 437 1788 rubens
451 1728 587 1789 accendit
600 1728 713 1788 lumina
725 1731 847 1806 Vesper.

168 1822 251 1882 Hinc
266 1833 457 1899 tempestates
471 1820 564 1883 dubio
577 1822 761 1900 praediscere
775 1822 862 1881 coelo

168 1917 337 1988 Possumus,
353 1913 423 1974 hinc
438 1915 605 1992 messisque
619 1915 699 1976 diem
715 1924 891 1993 tempusque
906 1911 1032 1990 serendi,

169 2010 207 2068 Et
221 2009 342 2084 quando
357 2007 481 2068 infidum
496 2007 584 2069 remis
598 2008 748 2086 impellere
762 2026 891 2067 marmor

168 2101 345 2173 Conveniat,
361 2101 483 2177 quando
497 2112 623 2161 armatas
637 2102 784 2161 deducere
798 2101 916 2176 classes,

168 2197 230 2254 Aut
245 2194 453 2271 tempestivam
467 2193 547 2254 silvis
561 2204 691 2254 evertere
705 2192 827 2271 pinum:

169 2289 235 2346 Nec
249 2287 354 2346 frustra
368 2286 518 2364 signomm
532 2287 632 2346 obitus
646 2287 834 2364 speculamur
848 2297 878 2346 et
892 2297 981 2362 ortus,

168 2379 426 2456 Temporibusque
440 2399 540 2456 parem
556 2380 678 2439 diversis
693 2391 832 2456 quattuor
845 2399 964 2440 annum.

209 2472 345 2549 Frigidus
360 2473 518 2550 agricolam
533 2472 557 2531 si
573 2474 694 2549 quando
708 2473 842 2533 continet
856 2474 959 2548 imber,

169 2567 275 2639 Multa,
292 2567 386 2625 forent
401 2585 477 2642 quae
492 2585 562 2625 mox
576 2567 661 2626 coelo
676 2567 863 2643 properanda
877 2587 991 2641 sereno,

169 2661 319 2718 Maturare
335 2660 437 2719 datur:
458 2660 564 2719 durum
578 2659 715 2737 procudit
730 2670 826 2719 arator

167 2751 305 2811 Vomeris
319 2752 439 2811 obtunsi
454 2745 583 2825 dentem,
599 2764 684 2812 cavat
699 2755 802 2813 arbore
817 2753 926 2826 lintres,

57 2892 60 2897 .
168 2848 231 2904 Aut
245 2844 345 2922 pecori
360 2845 476 2922 signum
492 2858 542 2906 aut
556 2865 694 2906 numeros
709 2845 855 2922 impressit
869 2845 988 2907 acervis

170 2941 325 2999 Exacuunt
340 2938 389 2997 alii
404 2940 496 2998 vallos
512 2940 666 3015 furcasque
680 2939 825 3011 bicornes,
921 2985 924 2990 .

169 3035 270 3109 Atque
284 3031 426 3091 Amerina
440 3043 544 3108 parant
558 3033 656 3092 lentae
672 3031 833 3092 retinacula
846 3031 905 3092 viti.

169 3126 258 3184 Nunc
273 3124 366 3184 facilis
380 3127 473 3185 rubea
486 3136 601 3184 texatur
615 3125 717 3184 fiscina
731 3125 829 3201 virga;

171 3220 260 3277 Nunc
276 3228 383 3278 torrete
399 3218 458 3295 igni
474 3218 578 3296 fruges,
591 3236 670 3277 nunc
684 3217 807 3294 frangite
823 3236 902 3277 saxo.

169 3309 290 3387 Quippe
304 3310 393 3370 etiam
408 3311 490 3371 festis
504 3312 651 3388 quaedam
665 3330 802 3371 exercere
817 3311 922 3372 diebus

169 3405 227 3463 Fas
241 3415 271 3463 et
283 3405 348 3480 jura
362 3404 480 3464 sinunt:
501 3404 579 3464 rivos
594 3405 740 3464 deducere
755 3405 836 3464 nulla

170 3496 288 3574 Religio
303 3497 403 3570 vetuit,
420 3496 512 3574 segeti
527 3496 719 3573 praetendere
735 3516 864 3573 saepem,

170 3588 299 3649 Insidias
313 3590 417 3650 avibus
432 3588 535 3662 moliri,
551 3588 709 3648 incendere
724 3607 836 3665 vepres,

169 3684 385 3759 Balantumque
399 3700 517 3759 gregem
531 3681 622 3740 fluvio
637 3700 763 3739 mersare
778 3682 895 3741 salubri.

169 3778 264 3853 Saepe
278 3777 347 3835 oleo
362 3773 437 3834 tardi
451 3787 550 3834 costas
565 3773 690 3849 agitator
704 3774 786 3833 aselli

168 3869 285 3930 Vilibus
300 3877 350 3927 aut
364 3878 468 3926 onerat
482 3865 587 3944 pomis,
603 3866 792 3943 lapidemque
807 3880 956 3929 revertens

170 3965 311 4022 Incusum
327 3969 378 4018 aut
391 3970 471 4018 atrae
487 3978 613 4018 massam
629 3959 703 4036 picis
718 3962 791 4020 urbe
805 3973 941 4038 reportat

210 4058 281 4132 Ipsa
295 4051 358 4112 dies
373 4051 446 4111 alios
460 4051 518 4111 alio
533 4052 616 4112 dedit
630 4052 733 4113 ordine
749 4057 835 4114 Luna

156 4146 284 4208 'Felices
299 4164 429 4223 operum.
474 4145 615 4222 Quintam
631 4148 716 4226 suge:
736 4148 864 4225 pallidus
879 4149 974 4209 Orcus
