2610 4926
467 679 629 724 wcoucn
672 681 738 726 act„
761 683 806 727 111·

559 838 713 877 oenomao

169 903 209 960 An
221 901 286 962 mihi
300 902 455 962 cantando
469 902 563 962 victus
577 923 638 963 non
653 905 789 965 redderet
803 903 860 978 ille,

169 996 250 1069 Quem
263 1016 330 1056 mea
342 995 524 1055 carminibus
539 996 692 1056 meruisset
706 999 803 1056 fistula
816 999 958 1074 caprum?

168 1088 193 1147 Si
203 1089 299 1162 nescis,
314 1109 401 1148 meus
415 1087 465 1147 ille
479 1107 569 1165 caper
582 1089 656 1164 tuit,
675 1101 705 1149 et
719 1089 790 1148 mihi
805 1093 927 1150 Damon

168 1181 226 1257 lpse
239 1182 402 1242 fatebatur:
423 1181 476 1240 sed
491 1182 613 1241 reddere
627 1201 717 1260 posse
732 1184 868 1259 negabat

563 1305 716 1343 lacrumas·

167 1370 309 1430 Cantando
325 1381 358 1430 tu
372 1369 476 1430 illum?
496 1381 546 1430 aut
560 1390 701 1448 umquam
716 1370 769 1430 tibi
784 1371 881 1430 fistula
894 1387 963 1430 cera

165 1461 259 1537 Juncta
271 1461 347 1524 fuit?
367 1481 429 1521 non
445 1474 476 1522 tu
490 1463 520 1547 in
536 1463 635 1536 tn‘viis,
651 1463 779 1536 indocte,
795 1464 913 1523 solebas

165 1555 289 1616 Stridenti
303 1554 444 1638 miserum
459 1555 567 1634 stipula
581 1555 749 1633 disperdere
763 1557 903 1616 carmen?

559 1679 714 1717 oenotris.

163 1744 207 1804 lis
218 1765 296 1823 ergo,
312 1746 466 1819 internos,
483 1746 555 1824 quid
569 1748 664 1825 possit
677 1761 810 1824 uterque,
826 1741 955 1804 vicissim

163 1837 364 1915 Experiamur?
386 1858 443 1917 ego
458 1840 535 1900 hanc
548 1841 767 1900 vitulam-ne
783 1841 856 1898 sorte
871 1855 997 1911 recuses,

152 1920 204 1990 'Bis
217 1932 296 1991 venit
310 1933 350 1991 ad
365 1933 529 2006 mulctram,
544 1933 631 1993 binos
646 1933 698 1994 alit
712 1936 803 1993 ubere
818 1932 943 1989 letus-
1016 1974 1018 1977 -

161 2022 299 2100 Depon0:
320 2034 353 2083 tu
367 2024 425 2097 dic,
440 2044 558 2085 mecum
573 2046 634 2104 quo
648 2026 771 2104 pignore
785 2033 889 2084 certes.

559 2149 712 2187 mauricus.

71 2253 76 2265 .
160 2213 201 2273 De
212 2233 298 2292 grege
313 2233 376 2274 non
390 2214 484 2274 ausim
498 2216 658 2293 quicquam
672 2218 822 2295 deponere
837 2226 956 2275 tecum:

160 2305 205 2364 Fst
218 2306 288 2365 milii
304 2326 433 2384 namque
448 2308 529 2367 domi
544 2321 634 2387 pater,
651 2321 695 2370 est
709 2310 819 2385 injusta
833 2327 979 2380 noverca;

160 2398 258 2474 Bisque
272 2399 322 2459 die
335 2412 491 2460 numerant
505 2404 594 2461 ambo
608 2423 708 2479 pecus,
725 2404 841 2462 alteret
855 2401 977 2461 haedos.

159 2491 270 2565 Verum,
286 2493 316 2551 id
334 2494 415 2568 quod
431 2496 523 2553 multo
539 2506 601 2554 tute
617 2495 679 2571 ipse
694 2497 824 2554 fatebere
839 2496 943 2571 majus,

160 2584 286 2645 Insanire
301 2585 375 2644 libet
390 2586 530 2661 quoniam
546 2587 608 2660 tibi,
624 2589 732 2664 pocula
747 2607 857 2664 ponam

160 2675 269 2754 Pagina,
285 2679 432 2737 caelatum
448 2679 540 2738 divini
557 2700 632 2757 opus
649 2679 885 2740 Alcimedontis:

160 2769 246 2830 lenta
260 2771 369 2847 quibus
383 2783 469 2831 torno
484 2772 561 2832 sacili
576 2772 767 2849 superaddita
780 2773 848 2833 vitis

161 2861 283 2924 Diffusos
298 2865 409 2923 hedera
422 2865 509 2924 vestit
523 2866 654 2941 pallente
668 2866 834 2944 corymbos.

161 2956 191 3013 Iu
205 2957 303 3017 medio
317 2958 378 3017 duo
394 2957 484 3034 signa,
501 2960 618 3031 Conon,
636 2959 787 3035 et-quis
801 2958 855 3017 suit
869 2959 951 3031 alter,

121 3042 130 3063 '
161 3047 315 3126 Descripsit
330 3050 412 3109 radio
428 3062 523 3109 totum
538 3051 589 3128 qui
603 3052 741 3128 gentibus
755 3053 867 3124 orbem,

160 3140 301 3219 Tempora
315 3162 392 3219 quae
407 3163 526 3217 messor,
543 3164 619 3221 quae
634 3164 740 3203 curvus
755 3156 851 3202 arator
865 3143 1008 3202 haberet?

162 3234 290 3295 Necdum
305 3236 363 3295 illis
377 3238 459 3295 labra
474 3237 601 3311 admovi,
618 3238 671 3297 sed
685 3237 806 3297 condita
821 3254 913 3295 servo.

558 3363 712 3399 oenotris.

162 3431 194 3489 Et
207 3431 290 3491 nobis
306 3431 385 3492 idern
401 3431 578 3492 Alcimedon
593 3432 654 3491 duo
668 3433 776 3508 pocula
790 3431 867 3504 secit,

162 3523 194 3582 Et
207 3525 286 3583 molli
301 3524 411 3583 circum
426 3536 471 3583 est
485 3544 571 3583 ansas
587 3526 739 3601 amplexus
754 3525 890 3598 acantho,

162 3615 332 3693 Orpheaque
347 3617 377 3674 in
394 3618 492 3676 medio
507 3618 605 3694 posuit
620 3618 766 3692 silvasque
782 3628 946 3694 sequentes

162 3707 290 3768 Necdum
306 3709 363 3768 illis
378 3711 459 3768 labra
473 3710 601 3783 admovi,
618 3710 671 3769 sed
686 3709 807 3769 condita
821 3728 914 3769 servo.

161 3799 187 3859 Si
199 3803 235 3860 ad
248 3802 372 3862 vitulam
386 3814 511 3879 spectas,
527 3803 600 3861 nihil
615 3813 667 3875 est,
684 3802 766 3878 quod
781 3804 888 3879 pocula
902 3800 1016 3863 laudes

563 3923 714 3960 masticis.
849 3971 851 3976 Ι

161 3987 314 4064 Nunquam
328 3988 419 4048 hodie
434 3988 574 4065 effugies3
593 3989 719 4061 veniam,
735 4008 924 4065 quocumque
938 3985 1062 4048 vocaris.

158 4080 262 4141 Audiat
276 4082 350 4141 haec
365 4083 584 4142 tantum-vel
599 4081 649 4158 qui
665 4081 754 4156 venit,
770 4101 849 4155 ecce,
866 4082 1036 4142 Palaemon.
1103 4105 1129 4143 so
