2610 4926
478 177 673 236 ECLOGA
704 177 766 235 IX.

541 348 705 402 MOERIS.

470 505 609 551 tremas·
651 507 778 551 MOERIS.

505 660 509 669 .
564 631 686 670 LYCIDAS.

135 714 211 793 Quo
224 713 387 801 te,·Moeri,
401 712 517 792 pedes?
536 733 585 788 an,
600 733 661 792 quo
674 714 723 775 via
736 712 827 787 ducit,
841 711 873 772 in
886 711 1011 773 urbem?

570 835 681 874 uorans

135 902 165 965 Ο
182 900 305 982 Lycida,
321 900 381 961 vivi
394 900 594 979 pervenimus,
608 900 726 961 advena
740 899 843 974 nostri,

135 994 229 1071 Quod
243 1012 405 1070 numquam
417 992 504 1054 veriti
517 1012 629 1075 sumus,
643 1002 677 1053 ut
690 1010 847 1070 possessor
860 989 951 1071 agelli

136 1088 278 1149 Diceret:
300 1088 388 1147 Haec
401 1104 471 1147 mea
483 1095 552 1147 sunt
563 1106 573 1161 3
592 1095 710 1147 veteres
723 1085 848 1163 migrate
861 1082 970 1145 coloni.

136 1181 227 1241 Nunc
240 1178 319 1253 victi,
334 1178 443 1253 tristes,
458 1178 600 1256 quoniam
614 1179 688 1239 Fors
701 1177 802 1237 omnia
815 1186 922 1251 versat,
1106 1190 1121 1241 's

137 1274 207 1334 Hos
221 1272 315 1331 illi-
324 1271 406 1349 quod
419 1289 477 1332 nec
488 1280 585 1332 vertat
598 1269 727 1331 bene—
736 1269 879 1330 mittimus
892 1266 1017 1330 haedos.

564 1390 689 1429 avernen

138 1460 230 1521 Certe
244 1457 384 1535 equidem
397 1456 559 1530 audieram,
575 1474 636 1534 qua
647 1474 682 1517 se
695 1454 864 1517 subducere
877 1454 972 1517 colles

138 1550 301 1627 Incipiunt,
316 1549 460 1626 mollique
477 1549 583 1628 jugum
596 1548 753 1609 demittere
766 1546 854 1622 clivo,
1057 1538 1060 1543 ’

138 1642 248 1719 Usque
261 1641 301 1702 ad
314 1660 423 1719 aquam
436 1650 469 1703 et
480 1650 606 1715 veteres,
626 1642 689 1718 jam
702 1640 795 1701 fracta
806 1638 972 1717 cacumIna,
984 1638 1074 1722 lagos
1152 1697 1159 1711 ,

139 1733 252 1796 Omnia
264 1733 446 1797 carminibus
459 1744 590 1795 vestrum
603 1752 741 1795 servasse
754 1732 924 1794 Menalcam
968 1796 972 1805 ,
1095 1762 1123 1793 ω

572 1854 684 1895 nonam

140 1921 296 1995 Audierat,
311 1930 343 1982 et
356 1920 436 1983 fama
448 1919 523 1998 luit3
541 1920 597 1983 ned
609 1919 742 1982 carmina
753 1930 871 1983 mamm

140 2015 254 2075 Nostra
265 2013 375 2088 valent,
391 2013 514 2094 Lycida,
527 2014 589 2075 tela
601 2014 681 2076 inter
694 2013 812 2088 Martia,
827 2021 973 2092 quantum

140 2105 294 2169 Chaonias
307 2105 412 2167 dicunt
423 2107 525 2184 aquila
536 2106 676 2167 veniente
688 2106 849 2167 oolumbas
1072 2122 1075 2127 ·

141 2198 234 2276 Quod
249 2197 307 2259 nisi
318 2216 367 2260 me
381 2218 569 2277 quacumque
582 2218 677 2261 novas
690 2198 822 2261 incidere
835 2198 905 2259 lites

139 2294 222 2352 Ante
237 2291 357 2353 sinistra
371 2311 444 2352 cava
457 2292 624 2353 monuisset
636 2292 676 2353 ab
689 2291 757 2352 ilice
771 2290 885 2365 cornix,
1097 2316 1123 2361 ι,

142 2387 172 2445 N
173 2403 209 2446 ec
222 2394 290 2445 tuus
304 2384 353 2445 hic
368 2384 490 2460 Moeris,
506 2404 562 2445 nec
575 2394 695 2445 veveret
708 2384 773 2462 ipse
787 2384 952 2445 Menalcas

569 2507 690 2545 avernen

144 2575 225 2646 Heu,
240 2572 321 2633 cadit
335 2570 366 2631 in
379 2591 558 2650 quemquam
572 2583 688 2633 tantum
702 2572 820 2632 scelus?
840 2573 908 2646 heu,
923 2582 974 2633 tua
987 2571 1077 2636 nobis

143 2665 245 2724 Paene
259 2664 346 2724 simul
360 2674 459 2724 tecum
474 2665 581 2725 solatia
594 2678 686 2742 rapta,
703 2665 864 2725 Menalca?

143 2756 221 2832 Quis
233 2767 354 2816 caneret
368 2754 544 2834 Nymphas?
565 2757 632 2834 quis
646 2757 769 2816 humum
783 2757 956 2818 florentibus
971 2758 1073 2822 herbis

145 2849 312 2927 spargeret,
326 2857 378 2907 aut
391 2847 478 2907 viridi
491 2848 590 2908 sontes
603 2848 757 2908 induceret
771 2850 895 2909 umbra?

143 2940 203 3000 Vel
218 2958 295 3016 quae
309 2939 426 3017 sublegi
440 2940 547 3000 tacitus
561 2940 615 3000 tibi
629 2940 760 3000 oannina
774 2960 878 3018 nuper,

145 3032 225 3093 Cum
238 3041 269 3091 te
282 3030 321 3090 ad
336 3030 458 3091 delicias
471 3031 570 3103 ferres,
586 3032 777 3109 Amaryllida,
793 3036 930 3094 nostras?

146 3126 165 3157 ‘⁴
174 3122 284 3203 Tityre,
300 3122 372 3182 dum
385 3122 631 3183 redeo—brevis
645 3133 691 3184 cst
704 3123 899 3204 via—pasce
914 3128 1056 3207 capellas,

147 3218 187 3277 Et
200 3226 305 3294 potum
318 3224 420 3292 pastas
432 3232 497 3294 age,
512 3214 623 3293 Tityre,
637 3227 668 3277 et
682 3216 758 3277 inter
772 3219 920 3296 agendum

146 3309 311 3373 Occursare
324 3324 564 3386 capro—comu
577 3309 643 3371 serit
657 3309 705 3371 ille
713 3313 894 3374 —caveto.”
