2610 4926
465 671 640 766 Buconica·
671 720 737 766 301.
759 721 787 766 V.

172 865 259 943 Incipe
267 888 276 940 ;
291 862 446 944 pascentes
460 864 588 926 servabit
601 866 722 945 Tityrus
736 865 858 928 haedos.

572 984 684 1025 uorsus

173 1063 251 1122 Immo
263 1065 337 1138 haee,
352 1065 383 1124 in
397 1063 485 1125 virid'
502 1084 595 1143 nuper
606 1082 682 1143 quae
697 1065 806 1126 cortice
821 1063 880 1146 sagi

172 1155 285 1217 Carmina
298 1158 444 1236 descripsi
459 1084 493 1218 e*
503 1158 661 1218 modulans
675 1159 788 1219 alterna
801 1157 911 1232 notavi,

172 1246 305 1326 Experiar:
323 1250 482 1312 tudeinde
494 1252 597 1329 jubeto
610 1262 642 1312 ut
656 1261 749 1313 certet
762 1255 915 1332 Amyntas
1096 1276 1120 1316 rr

550 1372 703 1411 asserens.
734 1387 735 1390 =

152 1467 155 1471 ·
172 1445 246 1507 Lenta
256 1449 326 1509 salix
339 1432 484 1527 quantum
498 1449 622 1527 pallenti
635 1450 715 1511 cedit
728 1449 832 1524 olivae,
865 1522 868 1529 Ι

173 1538 282 1602 Puniceis
294 1543 415 1602 humilis
430 1553 572 1619 quantum
587 1542 720 1603 saliunca
733 1543 847 1618 rosetis,

170 1631 263 1705 Iudicio
273 1644 375 1696 nostro
389 1645 506 1695 tanturn
520 1635 573 1696 tibi
588 1636 668 1695 cedit
683 1639 837 1714 Amyntas.

577 1757 689 1796 uorsus

171 1817 214 1878 Sed
226 1831 253 1879 tu
265 1821 368 1881 desine
382 1820 476 1899 plura,
491 1839 584 1898 puer;
603 1822 802 1883 successimus
816 1830 910 1882 antro.

196 1913 370 1974 Exstinctum
386 1912 543 1992 Nymphae
556 1915 668 1976 crudeli
682 1917 784 1974 funere
799 1911 953 1991 Daphnim
1094 1936 1121 1970 ω

170 2004 291 2083 llebant3
309 2027 363 2067 vos
376 2008 469 2086 coryli
483 2016 573 2068 testes
587 2021 617 2069 et
630 2009 751 2068 humina
763 2005 910 2087 Nymphis
921 2026 932 2080 3

169 2098 246 2173 Qum
258 2102 416 2180 complexa
429 2101 476 2160 sui
490 2120 596 2179 corpus
611 2102 779 2162 miserabile
794 2099 855 2159 nati

168 2194 245 2270 Atque
258 2196 332 2255 deos
344 2206 436 2272 atque
449 2205 528 2255 astra
541 2205 627 2256 vocat
640 2196 772 2255 crudelia
785 2201 887 2252 mater.

168 2284 220 2344 Non
233 2290 281 2347 ulli
295 2297 399 2366 pastos
412 2287 472 2348 illis
486 2306 573 2366 egere
587 2289 694 2348 diebus

168 2378 272 2459 Frigida,
289 2382 419 2459 Daphni,
434 2382 528 2442 boves
542 2383 581 2440 ad
592 2382 712 2441 flumina
724 2401 732 2454 ;
752 2380 834 2437 nulla
848 2395 904 2436 nec
918 2394 1037 2437 amnem
1076 2384 1079 2390 '
1093 2399 1117 2438 ¹s

167 2472 261 2535 libau‘t
276 2476 455 2552 quadrupes,
472 2494 528 2535 nec
541 2475 682 2553 graminis
696 2473 793 2550 attigit
806 2471 937 2530 herbam.

166 2564 275 2643 Daphni,
291 2581 373 2627 tuum
390 2571 508 2627 Poenos
522 2569 610 2627 etiam
625 2565 804 2642 ingemuisse
818 2565 924 2622 leones

166 2658 301 2720 interitum
315 2671 493 2736 montesque
508 2660 560 2718 seri
575 2657 725 2734 silvaeque
741 2659 910 2733 loquuntur.

164 2750 283 2828 Daphnis
298 2766 328 2813 et
343 2754 501 2812 Armenias
516 2769 599 2810 curru
613 2751 793 2829 subjungere
809 2749 900 2827 tigres

163 2843 286 2918 instituit,
303 2846 439 2923 Daphnis
452 2846 564 2904 thiasos
579 2843 718 2902 inducere
735 2842 843 2901 Bacchi
1019 2903 1026 2915 ,
1095 2863 1120 2902 ³⁹

164 2936 194 2994 Et
207 2938 276 2997 loliis
291 2941 387 2998 lentas
403 2939 533 2997 intexere
547 2936 687 2995 mollibus
702 2935 811 2994 hastas.

160 3027 227 3089 Vitis
240 3042 270 3090 ut
283 3032 438 3091 arboribus
453 3028 553 3088 decori
568 3038 622 3101 est,
638 3039 670 3087 ut
684 3028 792 3086 vitibus
807 3043 891 3096 uvae,

162 3120 199 3181 Ut
209 3126 342 3202 gregibus
357 3124 438 3194 tauri,
454 3130 572 3199 segetes
585 3131 618 3179 ut
631 3120 790 3196 pinguibus
804 3119 890 3189 arvis,

160 3214 201 3272 Tu
213 3217 298 3275 decus
312 3233 400 3276 omne
414 3214 481 3273 tuis.
526 3216 689 3289 Postquam
703 3223 732 3271 te
747 3213 807 3270 sata
821 3211 959 3280 tulerunt,

161 3308 223 3382 Ipsa
237 3311 320 3369 Pales
333 3326 419 3384 agros
433 3317 522 3382 atque
537 3307 601 3382 ipse
616 3304 733 3381 reliquit
748 3304 867 3380 Apollo.
1095 3323 1119 3363 ss

160 3400 278 3460 Grandia
291 3419 380 3477 saepe
395 3399 504 3475 quibus
516 3398 722 3457 mandavimus
736 3397 848 3456 hordea
862 3393 959 3466 sulcis,

160 3491 257 3552 infelix
271 3495 370 3552 lolium
385 3504 416 3551 et
430 3492 546 3551 steriles
560 3501 722 3550 nascuntur
736 3508 868 3563 avenae3

160 3584 212 3643 Pro
225 3587 301 3645 molli
316 3587 403 3658 viola,
419 3603 475 3662 pro
485 3601 634 3661 purpureo
649 3583 790 3654 narcisso,

156 3677 283 3736 Carduus
298 3689 327 3737 et
342 3678 436 3755 spinis
451 3677 541 3753 surgit
555 3677 685 3753 paliurus
699 3675 801 3734 acutis.

159 3769 284 3847 Spargite
298 3773 419 3829 humum
434 3769 521 3841 soliis,
537 3768 667 3827 inducite
682 3767 813 3827 sontibus
827 3766 953 3837 umbras,
1096 3788 1122 3824 ⁴⁰

159 3861 285 3921 Pastores
297 3886 305 3937 ;
323 3862 447 3921 mandat
459 3861 523 3920 fieri
537 3862 593 3920 sibi
609 3861 680 3919 talia
693 3859 830 3935 Daphnis
842 3879 850 3932 3

159 3953 193 4011 Et
205 3956 345 4013 tumulum
359 3955 456 4027 facite,
472 3963 501 4013 et
516 3953 629 4014 tumulo
644 3952 835 4029 superaddite
850 3966 989 4009 carmen:

159 4046 286 4124 Daphnis
299 4066 356 4126 ego
371 4047 402 4105 in
416 4046 506 4118 silvis,
522 4045 591 4104 hine
605 4062 699 4120 usque
714 4045 752 4103 ad
769 4044 868 4103 sidera
881 4051 979 4113 notus,

159 4139 286 4199 Formosi
298 4138 417 4216 pecoris
430 4148 541 4212 custos,
555 4136 711 4197 formosior
724 4135 797 4213 ipse.
