<?xml version="1.0" encoding="UTF-8"?>
<!DOCTYPE html PUBLIC "-//W3C//DTD XHTML 1.0 Transitional//EN"
    "http://www.w3.org/TR/xhtml1/DTD/xhtml1-transitional.dtd">
<html xmlns="http://www.w3.org/1999/xhtml" xml:lang="en" lang="en">
 <head>
  <title>
</title>
<meta http-equiv="Content-Type" content="text/html;charset=utf-8" />
  <meta name='ocr-system' content='tesseract 3.04.00' />
  <meta name='ocr-capabilities' content='ocr_page ocr_carea ocr_par ocr_line ocrx_word'/>
</head>
<body>
  <div class='ocr_page' id='page_1' title='image "ahandbooklatinp00marogoog_0116.png"; bbox 0 0 2610 4926; ppageno 0'>
   <div class='ocr_carea' id='block_1_1' title="bbox 125 39 1303 265">
    <p class='ocr_par' dir='ltr' id='par_1_1' title="bbox 125 39 1303 265">
     <span class='ocr_line' id='line_1_1' title="bbox 125 39 1303 265; baseline 0.003 -5"><span class='ocrx_word' id='word_1_1' title='bbox 125 39 138 257; x_wconf 95' lang='grc' dir='ltr'>Ι</span> <span class='ocrx_word' id='word_1_2' title='bbox 939 39 1303 265; x_wconf 71' lang='grc' dir='ltr'>ι</span> 
     </span>
    </p>
   </div>
   <div class='ocr_carea' id='block_1_2' title="bbox 491 653 810 699">
    <p class='ocr_par' dir='ltr' id='par_1_2' title="bbox 491 653 810 699">
     <span class='ocr_line' id='line_1_2' title="bbox 491 653 810 699; baseline 0.009 -3"><span class='ocrx_word' id='word_1_3' title='bbox 491 653 676 698; x_wconf 68' lang='lat' dir='ltr'>onoltolcon</span> <span class='ocrx_word' id='word_1_4' title='bbox 697 655 757 699; x_wconf 69' lang='lat' dir='ltr'>ua</span> <span class='ocrx_word' id='word_1_5' title='bbox 776 656 810 699; x_wconf 86' lang='lat'>11.</span> 
     </span>
    </p>
   </div>
   <div class='ocr_carea' id='block_1_3' title="bbox 203 780 1049 876">
    <p class='ocr_par' dir='ltr' id='par_1_3' title="bbox 203 780 1049 876">
     <span class='ocr_line' id='line_1_3' title="bbox 203 780 1049 876; baseline 0.007 -18"><span class='ocrx_word' id='word_1_6' title='bbox 203 796 358 876; x_wconf 74' lang='lat' dir='ltr'>numaque</span> <span class='ocrx_word' id='word_1_7' title='bbox 369 807 398 860; x_wconf 89' lang='lat' dir='ltr'>et</span> <span class='ocrx_word' id='word_1_8' title='bbox 410 798 525 859; x_wconf 83' lang='lat' dir='ltr'>baccas</span> <span class='ocrx_word' id='word_1_9' title='bbox 538 817 657 876; x_wconf 82' lang='lat' dir='ltr'>semper</span> <span class='ocrx_word' id='word_1_10' title='bbox 670 800 836 861; x_wconf 82' lang='lat' dir='ltr'>frondentis</span> <span class='ocrx_word' id='word_1_11' title='bbox 850 800 990 863; x_wconf 75' lang='lat' dir='ltr'>acanthi?</span> <span class='ocrx_word' id='word_1_12' title='bbox 1041 780 1049 796; x_wconf 60' lang='lat'>⁸</span> 
     </span>
    </p>
   </div>
   <div class='ocr_carea' id='block_1_4' title="bbox 125 889 1012 4137">
    <p class='ocr_par' dir='ltr' id='par_1_4' title="bbox 197 889 936 1247">
     <span class='ocr_line' id='line_1_4' title="bbox 201 889 936 969; baseline 0.008 -20"><span class='ocrx_word' id='word_1_13' title='bbox 201 889 260 964; x_wconf 83' lang='lat' dir='ltr'>Quid</span> <span class='ocrx_word' id='word_1_14' title='bbox 272 911 376 952; x_wconf 88' lang='lat' dir='ltr'>nemora</span> <span class='ocrx_word' id='word_1_15' title='bbox 388 890 585 969; x_wconf 80' lang='lat' dir='ltr'>Aethiopum,</span> <span class='ocrx_word' id='word_1_16' title='bbox 600 893 684 952; x_wconf 91' lang='lat' dir='ltr'>molli</span> <span class='ocrx_word' id='word_1_17' title='bbox 698 893 836 954; x_wconf 83' lang='lat' dir='ltr'>canentia</span> <span class='ocrx_word' id='word_1_18' title='bbox 848 896 936 956; x_wconf 76' lang='lat' dir='ltr'>lanai</span> 
     </span>
     <span class='ocr_line' id='line_1_5' title="bbox 199 983 885 1063; baseline 0.012 -23"><span class='ocrx_word' id='word_1_19' title='bbox 199 983 339 1063; x_wconf 86' lang='lat' dir='ltr'>Velleraqne</span> <span class='ocrx_word' id='word_1_20' title='bbox 351 997 382 1046; x_wconf 94' lang='lat' dir='ltr'>ut</span> <span class='ocrx_word' id='word_1_21' title='bbox 395 985 475 1046; x_wconf 80' lang='lat' dir='ltr'>foliis</span> <span class='ocrx_word' id='word_1_22' title='bbox 489 986 651 1062; x_wconf 81' lang='lat' dir='ltr'>depectant</span> <span class='ocrx_word' id='word_1_23' title='bbox 665 987 767 1047; x_wconf 87' lang='lat' dir='ltr'>tenuia</span> <span class='ocrx_word' id='word_1_24' title='bbox 780 990 885 1048; x_wconf 80' lang='lat' dir='ltr'>Seres?</span> 
     </span>
     <span class='ocr_line' id='line_1_6' title="bbox 198 1078 881 1157; baseline 0.009 -22"><span class='ocrx_word' id='word_1_25' title='bbox 198 1078 241 1137; x_wconf 84' lang='lat' dir='ltr'>Ant</span> <span class='ocrx_word' id='word_1_26' title='bbox 250 1098 314 1156; x_wconf 84' lang='lat' dir='ltr'>quoe</span> <span class='ocrx_word' id='word_1_27' title='bbox 326 1079 449 1141; x_wconf 85' lang='lat' dir='ltr'>Oceano</span> <span class='ocrx_word' id='word_1_28' title='bbox 463 1078 587 1157; x_wconf 80' lang='lat' dir='ltr'>propior</span> <span class='ocrx_word' id='word_1_29' title='bbox 599 1078 673 1155; x_wconf 88' lang='lat' dir='ltr'>gerit</span> <span class='ocrx_word' id='word_1_30' title='bbox 688 1080 777 1140; x_wconf 90' lang='lat' dir='ltr'>India</span> <span class='ocrx_word' id='word_1_31' title='bbox 790 1081 881 1154; x_wconf 89' lang='lat' dir='ltr'>lucos,</span> 
     </span>
     <span class='ocr_line' id='line_1_7' title="bbox 197 1168 934 1247; baseline 0.004 -16"><span class='ocrx_word' id='word_1_32' title='bbox 197 1168 295 1231; x_wconf 67' lang='lat' dir='ltr'>&amp;mini</span> <span class='ocrx_word' id='word_1_33' title='bbox 307 1172 384 1233; x_wconf 90' lang='lat' dir='ltr'>sinus</span> <span class='ocrx_word' id='word_1_34' title='bbox 398 1171 489 1247; x_wconf 87' lang='lat' dir='ltr'>orbis,</span> <span class='ocrx_word' id='word_1_35' title='bbox 504 1171 558 1231; x_wconf 92' lang='lat' dir='ltr'>ubi</span> <span class='ocrx_word' id='word_1_36' title='bbox 572 1174 641 1231; x_wconf 82' lang='lat' dir='ltr'>a&#39;e&#39;ra</span> <span class='ocrx_word' id='word_1_37' title='bbox 655 1172 773 1233; x_wconf 78' lang='lat' dir='ltr'>vincere</span> <span class='ocrx_word' id='word_1_38' title='bbox 787 1193 934 1234; x_wconf 89' lang='lat' dir='ltr'>summum</span> 
     </span>
    </p>

    <p class='ocr_par' dir='ltr' id='par_1_5' title="bbox 146 1263 969 1437">
     <span class='ocr_line' id='line_1_8' title="bbox 146 1263 860 1343; baseline 0.004 -19"><span class='ocrx_word' id='word_1_39' title='bbox 146 1286 156 1309; x_wconf 92' lang='lat'><strong>·</strong></span> <span class='ocrx_word' id='word_1_40' title='bbox 170 1308 175 1325; x_wconf 76' lang='grc'>,</span> <span class='ocrx_word' id='word_1_41' title='bbox 195 1263 288 1324; x_wconf 72' lang='lat' dir='ltr'>Arboris</span> <span class='ocrx_word' id='word_1_42' title='bbox 298 1265 374 1327; x_wconf 88' lang='lat' dir='ltr'>haud</span> <span class='ocrx_word' id='word_1_43' title='bbox 386 1267 467 1329; x_wconf 86' lang='lat' dir='ltr'>ullae</span> <span class='ocrx_word' id='word_1_44' title='bbox 480 1267 563 1343; x_wconf 86' lang='lat' dir='ltr'>jactu</span> <span class='ocrx_word' id='word_1_45' title='bbox 578 1276 703 1342; x_wconf 88' lang='lat' dir='ltr'>potuere</span> <span class='ocrx_word' id='word_1_46' title='bbox 716 1265 860 1342; x_wconf 84' lang='lat' dir='ltr'>sagittae?</span> 
     </span>
     <span class='ocr_line' id='line_1_9' title="bbox 194 1354 969 1437; baseline 0.008 -23"><span class='ocrx_word' id='word_1_47' title='bbox 194 1354 289 1433; x_wconf 83' lang='lat' dir='ltr'>Etgens</span> <span class='ocrx_word' id='word_1_48' title='bbox 301 1358 350 1419; x_wconf 89' lang='lat' dir='ltr'>illa</span> <span class='ocrx_word' id='word_1_49' title='bbox 362 1359 487 1437; x_wconf 88' lang='lat' dir='ltr'>quidem</span> <span class='ocrx_word' id='word_1_50' title='bbox 501 1358 627 1436; x_wconf 90' lang='lat' dir='ltr'>sumptis</span> <span class='ocrx_word' id='word_1_51' title='bbox 642 1376 703 1418; x_wconf 90' lang='lat' dir='ltr'>non</span> <span class='ocrx_word' id='word_1_52' title='bbox 719 1360 803 1419; x_wconf 88' lang='lat' dir='ltr'>tarda</span> <span class='ocrx_word' id='word_1_53' title='bbox 816 1358 969 1436; x_wconf 82' lang='lat' dir='ltr'>pharetris.</span> 
     </span>
    </p>

    <p class='ocr_par' dir='ltr' id='par_1_6' title="bbox 125 1447 917 2350">
     <span class='ocr_line' id='line_1_10' title="bbox 125 1447 885 1529; baseline 0.008 -23"><span class='ocrx_word' id='word_1_54' title='bbox 125 1472 127 1478; x_wconf 62' lang='grc'><em>’</em></span> <span class='ocrx_word' id='word_1_55' title='bbox 192 1447 270 1510; x_wconf 81' lang='lat' dir='ltr'>Media</span> <span class='ocrx_word' id='word_1_56' title='bbox 280 1452 331 1512; x_wconf 85' lang='lat' dir='ltr'>iert</span> <span class='ocrx_word' id='word_1_57' title='bbox 344 1453 442 1514; x_wconf 80' lang='lat' dir='ltr'>tristes</span> <span class='ocrx_word' id='word_1_58' title='bbox 455 1471 545 1511; x_wconf 87' lang='lat' dir='ltr'>sucos</span> <span class='ocrx_word' id='word_1_59' title='bbox 559 1452 735 1528; x_wconf 88' lang='lat' dir='ltr'>tardumque</span> <span class='ocrx_word' id='word_1_60' title='bbox 749 1471 885 1529; x_wconf 88' lang='lat' dir='ltr'>saporem</span> 
     </span>
     <span class='ocr_line' id='line_1_11' title="bbox 191 1541 827 1622; baseline 0.008 -23"><span class='ocrx_word' id='word_1_61' title='bbox 191 1541 272 1602; x_wconf 83' lang='lat' dir='ltr'>Felicis</span> <span class='ocrx_word' id='word_1_62' title='bbox 283 1544 359 1618; x_wconf 89' lang='lat' dir='ltr'>mali,</span> <span class='ocrx_word' id='word_1_63' title='bbox 374 1564 436 1622; x_wconf 90' lang='lat' dir='ltr'>quo</span> <span class='ocrx_word' id='word_1_64' title='bbox 450 1563 514 1604; x_wconf 90' lang='lat' dir='ltr'>non</span> <span class='ocrx_word' id='word_1_65' title='bbox 527 1545 712 1621; x_wconf 88' lang='lat' dir='ltr'>praesentius</span> <span class='ocrx_word' id='word_1_66' title='bbox 726 1545 827 1618; x_wconf 89' lang='lat' dir='ltr'>ullum,</span> 
     </span>
     <span class='ocr_line' id='line_1_12' title="bbox 189 1624 871 1716; baseline 0.009 -24"><span class='ocrx_word' id='word_1_67' title='bbox 189 1624 275 1697; x_wconf 79' lang='lat' dir='ltr'>Pocrila</span> <span class='ocrx_word' id='word_1_68' title='bbox 286 1639 310 1698; x_wconf 89' lang='lat' dir='ltr'>si</span> <span class='ocrx_word' id='word_1_69' title='bbox 324 1640 446 1716; x_wconf 87' lang='lat' dir='ltr'>quando</span> <span class='ocrx_word' id='word_1_70' title='bbox 459 1657 568 1698; x_wconf 85' lang='lat' dir='ltr'>saevae</span> <span class='ocrx_word' id='word_1_71' title='bbox 582 1639 710 1700; x_wconf 83' lang='lat' dir='ltr'>infecere</span> <span class='ocrx_word' id='word_1_72' title='bbox 724 1656 871 1698; x_wconf 88' lang='lat' dir='ltr'>novercae</span> 
     </span>
     <span class='ocr_line' id='line_1_13' title="bbox 186 1721 894 1808; baseline 0.003 -21"><span class='ocrx_word' id='word_1_73' title='bbox 186 1727 403 1808; x_wconf 78' lang='lat' dir='ltr'>Miscueruutque</span> <span class='ocrx_word' id='word_1_74' title='bbox 416 1731 526 1791; x_wconf 85' lang='lat' dir='ltr'>herbas</span> <span class='ocrx_word' id='word_1_75' title='bbox 540 1741 570 1791; x_wconf 88' lang='lat' dir='ltr'>et</span> <span class='ocrx_word' id='word_1_76' title='bbox 584 1721 645 1791; x_wconf 83' lang='lat' dir='ltr'>non</span> <span class='ocrx_word' id='word_1_77' title='bbox 660 1731 782 1791; x_wconf 86' lang='lat' dir='ltr'>innoxia</span> <span class='ocrx_word' id='word_1_78' title='bbox 795 1732 894 1804; x_wconf 86' lang='lat' dir='ltr'>verba,</span> 
     </span>
     <span class='ocr_line' id='line_1_14' title="bbox 184 1822 907 1902; baseline 0.006 -23"><span class='ocrx_word' id='word_1_79' title='bbox 184 1822 310 1883; x_wconf 81' lang='lat' dir='ltr'>Auxilium</span> <span class='ocrx_word' id='word_1_80' title='bbox 322 1823 412 1898; x_wconf 84' lang='lat' dir='ltr'>venit,</span> <span class='ocrx_word' id='word_1_81' title='bbox 428 1843 464 1902; x_wconf 82' lang='lat' dir='ltr'>ac</span> <span class='ocrx_word' id='word_1_82' title='bbox 477 1824 619 1884; x_wconf 89' lang='lat' dir='ltr'>membris</span> <span class='ocrx_word' id='word_1_83' title='bbox 633 1825 693 1902; x_wconf 87' lang='lat' dir='ltr'>agit</span> <span class='ocrx_word' id='word_1_84' title='bbox 707 1835 771 1884; x_wconf 86' lang='lat' dir='ltr'>atra</span> <span class='ocrx_word' id='word_1_85' title='bbox 784 1842 907 1884; x_wconf 85' lang='lat' dir='ltr'>venena.</span> 
     </span>
     <span class='ocr_line' id='line_1_15' title="bbox 183 1913 897 1995; baseline 0.007 -24"><span class='ocrx_word' id='word_1_86' title='bbox 183 1913 237 1990; x_wconf 69' lang='lat' dir='ltr'>Ipm</span> <span class='ocrx_word' id='word_1_87' title='bbox 248 1916 348 1994; x_wconf 88' lang='lat' dir='ltr'>ingens</span> <span class='ocrx_word' id='word_1_88' title='bbox 360 1918 448 1977; x_wconf 87' lang='lat' dir='ltr'>arbos</span> <span class='ocrx_word' id='word_1_89' title='bbox 461 1916 628 1995; x_wconf 83' lang='lat' dir='ltr'>faciemque</span> <span class='ocrx_word' id='word_1_90' title='bbox 642 1917 793 1977; x_wconf 86' lang='lat' dir='ltr'>simillima</span> <span class='ocrx_word' id='word_1_91' title='bbox 805 1918 897 1990; x_wconf 87' lang='lat' dir='ltr'>lauro,</span> 
     </span>
     <span class='ocr_line' id='line_1_16' title="bbox 181 2006 833 2086; baseline 0.003 -19"><span class='ocrx_word' id='word_1_92' title='bbox 181 2006 250 2080; x_wconf 76' lang='lat' dir='ltr'>Etsi</span> <span class='ocrx_word' id='word_1_93' title='bbox 263 2029 322 2069; x_wconf 91' lang='lat' dir='ltr'>non</span> <span class='ocrx_word' id='word_1_94' title='bbox 335 2011 426 2070; x_wconf 85' lang='lat' dir='ltr'>alium</span> <span class='ocrx_word' id='word_1_95' title='bbox 441 2011 500 2070; x_wconf 87' lang='lat' dir='ltr'>late</span> <span class='ocrx_word' id='word_1_96' title='bbox 513 2012 637 2086; x_wconf 76' lang='lat' dir='ltr'>jactaret</span> <span class='ocrx_word' id='word_1_97' title='bbox 651 2011 783 2083; x_wconf 87' lang='lat' dir='ltr'>odorem,</span> <span class='ocrx_word' id='word_1_98' title='bbox 831 2008 833 2013; x_wconf 80' lang='grc'><strong>’</strong></span> 
     </span>
     <span class='ocr_line' id='line_1_17' title="bbox 180 2099 908 2178; baseline 0.001 -17"><span class='ocrx_word' id='word_1_99' title='bbox 180 2099 274 2161; x_wconf 76' lang='lat' dir='ltr'>Iaums</span> <span class='ocrx_word' id='word_1_100' title='bbox 286 2114 366 2178; x_wconf 80' lang='lat' dir='ltr'>erat3</span> <span class='ocrx_word' id='word_1_101' title='bbox 385 2103 457 2164; x_wconf 82' lang='lat' dir='ltr'>folia</span> <span class='ocrx_word' id='word_1_102' title='bbox 471 2103 551 2163; x_wconf 87' lang='lat' dir='ltr'>haud</span> <span class='ocrx_word' id='word_1_103' title='bbox 566 2104 632 2163; x_wconf 91' lang='lat' dir='ltr'>ullis</span> <span class='ocrx_word' id='word_1_104' title='bbox 646 2104 777 2164; x_wconf 88' lang='lat' dir='ltr'>labentia</span> <span class='ocrx_word' id='word_1_105' title='bbox 790 2101 908 2178; x_wconf 84' lang='lat' dir='ltr'>ventis3</span> 
     </span>
     <span class='ocr_line' id='line_1_18' title="bbox 177 2191 917 2274; baseline 0.005 -22"><span class='ocrx_word' id='word_1_106' title='bbox 177 2191 235 2252; x_wconf 77' lang='lat' dir='ltr'>nos</span> <span class='ocrx_word' id='word_1_107' title='bbox 247 2195 283 2254; x_wconf 86' lang='lat' dir='ltr'>ad</span> <span class='ocrx_word' id='word_1_108' title='bbox 296 2195 390 2274; x_wconf 89' lang='lat' dir='ltr'>prima</span> <span class='ocrx_word' id='word_1_109' title='bbox 402 2207 493 2257; x_wconf 84' lang='lat' dir='ltr'>tenax</span> <span class='ocrx_word' id='word_1_110' title='bbox 504 2219 513 2271; x_wconf 90' lang='lat'>;</span> <span class='ocrx_word' id='word_1_111' title='bbox 533 2197 646 2256; x_wconf 90' lang='lat' dir='ltr'>animas</span> <span class='ocrx_word' id='word_1_112' title='bbox 660 2208 691 2256; x_wconf 88' lang='lat' dir='ltr'>et</span> <span class='ocrx_word' id='word_1_113' title='bbox 704 2196 817 2257; x_wconf 87' lang='lat' dir='ltr'>olentia</span> <span class='ocrx_word' id='word_1_114' title='bbox 831 2196 917 2256; x_wconf 89' lang='lat' dir='ltr'>Medi</span> 
     </span>
     <span class='ocr_line' id='line_1_19' title="bbox 175 2285 912 2350; baseline 0.005 -5"><span class='ocrx_word' id='word_1_115' title='bbox 175 2285 227 2346; x_wconf 86' lang='lat' dir='ltr'>Ora</span> <span class='ocrx_word' id='word_1_116' title='bbox 238 2287 334 2348; x_wconf 79' lang='lat' dir='ltr'>fovent</span> <span class='ocrx_word' id='word_1_117' title='bbox 347 2289 399 2348; x_wconf 94' lang='lat' dir='ltr'>illo</span> <span class='ocrx_word' id='word_1_118' title='bbox 413 2300 443 2349; x_wconf 91' lang='lat' dir='ltr'>et</span> <span class='ocrx_word' id='word_1_119' title='bbox 457 2290 577 2349; x_wconf 87' lang='lat' dir='ltr'>senibus</span> <span class='ocrx_word' id='word_1_120' title='bbox 590 2290 776 2350; x_wconf 84' lang='lat' dir='ltr'>medicantur</span> <span class='ocrx_word' id='word_1_121' title='bbox 789 2289 912 2349; x_wconf 79' lang='lat' dir='ltr'>anhelis</span> 
     </span>
    </p>

    <p class='ocr_par' dir='ltr' id='par_1_7' title="bbox 207 2381 917 2458">
     <span class='ocr_line' id='line_1_20' title="bbox 207 2381 917 2458; baseline 0.004 -20"><span class='ocrx_word' id='word_1_122' title='bbox 207 2381 260 2439; x_wconf 89' lang='lat' dir='ltr'>Sed</span> <span class='ocrx_word' id='word_1_123' title='bbox 274 2400 369 2458; x_wconf 88' lang='lat' dir='ltr'>neque</span> <span class='ocrx_word' id='word_1_124' title='bbox 385 2383 543 2441; x_wconf 90' lang='lat' dir='ltr'>Medorum</span> <span class='ocrx_word' id='word_1_125' title='bbox 559 2382 659 2455; x_wconf 90' lang='lat' dir='ltr'>silvae,</span> <span class='ocrx_word' id='word_1_126' title='bbox 676 2381 820 2442; x_wconf 89' lang='lat' dir='ltr'>ditissima</span> <span class='ocrx_word' id='word_1_127' title='bbox 834 2394 917 2454; x_wconf 88' lang='lat' dir='ltr'>terra,</span> 
     </span>
    </p>

    <p class='ocr_par' dir='ltr' id='par_1_8' title="bbox 159 2472 1012 4137">
     <span class='ocr_line' id='line_1_21' title="bbox 173 2472 976 2552; baseline 0.006 -22"><span class='ocrx_word' id='word_1_128' title='bbox 173 2472 230 2531; x_wconf 86' lang='lat' dir='ltr'>Nec</span> <span class='ocrx_word' id='word_1_129' title='bbox 241 2475 358 2550; x_wconf 88' lang='lat' dir='ltr'>pulcher</span> <span class='ocrx_word' id='word_1_130' title='bbox 371 2477 492 2551; x_wconf 83' lang='lat' dir='ltr'>Ganges</span> <span class='ocrx_word' id='word_1_131' title='bbox 505 2487 595 2552; x_wconf 90' lang='lat' dir='ltr'>atque</span> <span class='ocrx_word' id='word_1_132' title='bbox 610 2495 681 2535; x_wconf 90' lang='lat' dir='ltr'>auro</span> <span class='ocrx_word' id='word_1_133' title='bbox 695 2475 829 2535; x_wconf 90' lang='lat' dir='ltr'>turbidus</span> <span class='ocrx_word' id='word_1_134' title='bbox 845 2478 976 2535; x_wconf 91' lang='lat' dir='ltr'>Hermus</span> 
     </span>
     <span class='ocr_line' id='line_1_22' title="bbox 173 2565 977 2645; baseline 0.005 -20"><span class='ocrx_word' id='word_1_135' title='bbox 173 2565 310 2626; x_wconf 77' lang='lat' dir='ltr'>laudibus</span> <span class='ocrx_word' id='word_1_136' title='bbox 324 2567 429 2628; x_wconf 83' lang='lat' dir='ltr'>Italiae</span> <span class='ocrx_word' id='word_1_137' title='bbox 443 2579 566 2642; x_wconf 87' lang='lat' dir='ltr'>certent,</span> <span class='ocrx_word' id='word_1_138' title='bbox 580 2589 642 2629; x_wconf 92' lang='lat' dir='ltr'>non</span> <span class='ocrx_word' id='word_1_139' title='bbox 658 2571 771 2642; x_wconf 87' lang='lat' dir='ltr'>Bactra,</span> <span class='ocrx_word' id='word_1_140' title='bbox 787 2587 884 2645; x_wconf 91' lang='lat' dir='ltr'>neque</span> <span class='ocrx_word' id='word_1_141' title='bbox 900 2569 977 2643; x_wconf 92' lang='lat' dir='ltr'>Indi,</span> 
     </span>
     <span class='ocr_line' id='line_1_23' title="bbox 170 2657 845 2739; baseline 0.007 -23"><span class='ocrx_word' id='word_1_142' title='bbox 170 2657 294 2736; x_wconf 84' lang='lat' dir='ltr'>Totaque</span> <span class='ocrx_word' id='word_1_143' title='bbox 307 2660 432 2721; x_wconf 79' lang='lat' dir='ltr'>turiferis</span> <span class='ocrx_word' id='word_1_144' title='bbox 448 2661 598 2721; x_wconf 86' lang='lat' dir='ltr'>Panchaia</span> <span class='ocrx_word' id='word_1_145' title='bbox 611 2662 728 2739; x_wconf 90' lang='lat' dir='ltr'>pinguis</span> <span class='ocrx_word' id='word_1_146' title='bbox 742 2661 845 2722; x_wconf 78' lang='lat' dir='ltr'>arenis</span> 
     </span>
     <span class='ocr_line' id='line_1_24' title="bbox 170 2751 895 2832; baseline 0.003 -22"><span class='ocrx_word' id='word_1_147' title='bbox 170 2751 248 2812; x_wconf 82' lang='lat' dir='ltr'>llaec</span> <span class='ocrx_word' id='word_1_148' title='bbox 261 2754 326 2814; x_wconf 83' lang='lat' dir='ltr'>looa</span> <span class='ocrx_word' id='word_1_149' title='bbox 337 2770 401 2814; x_wconf 89' lang='lat' dir='ltr'>non</span> <span class='ocrx_word' id='word_1_150' title='bbox 416 2753 492 2814; x_wconf 88' lang='lat' dir='ltr'>tauri</span> <span class='ocrx_word' id='word_1_151' title='bbox 506 2755 649 2831; x_wconf 88' lang='lat' dir='ltr'>spirantes</span> <span class='ocrx_word' id='word_1_152' title='bbox 664 2755 784 2814; x_wconf 89' lang='lat' dir='ltr'>naribus</span> <span class='ocrx_word' id='word_1_153' title='bbox 798 2755 895 2832; x_wconf 80' lang='lat' dir='ltr'>ignem</span> 
     </span>
     <span class='ocr_line' id='line_1_25' title="bbox 170 2844 809 2925; baseline 0.011 -24"><span class='ocrx_word' id='word_1_154' title='bbox 170 2844 307 2908; x_wconf 82' lang='lat' dir='ltr'>Inuertete</span> <span class='ocrx_word' id='word_1_155' title='bbox 321 2848 394 2908; x_wconf 83' lang='lat' dir='ltr'>satis</span> <span class='ocrx_word' id='word_1_156' title='bbox 408 2848 545 2907; x_wconf 88' lang='lat' dir='ltr'>immanis</span> <span class='ocrx_word' id='word_1_157' title='bbox 559 2849 698 2908; x_wconf 88' lang='lat' dir='ltr'>dentibus</span> <span class='ocrx_word' id='word_1_158' title='bbox 715 2848 809 2925; x_wconf 89' lang='lat' dir='ltr'>hydri,</span> 
     </span>
     <span class='ocr_line' id='line_1_26' title="bbox 169 2939 963 3018; baseline 0.005 -22"><span class='ocrx_word' id='word_1_159' title='bbox 169 2939 226 2998; x_wconf 87' lang='lat' dir='ltr'>Nec</span> <span class='ocrx_word' id='word_1_160' title='bbox 238 2942 327 3017; x_wconf 88' lang='lat' dir='ltr'>galeis</span> <span class='ocrx_word' id='word_1_161' title='bbox 341 2941 502 3017; x_wconf 88' lang='lat' dir='ltr'>densisque</span> <span class='ocrx_word' id='word_1_162' title='bbox 516 2941 609 3002; x_wconf 88' lang='lat' dir='ltr'>virum</span> <span class='ocrx_word' id='word_1_163' title='bbox 624 2961 708 3018; x_wconf 87' lang='lat' dir='ltr'>seges</span> <span class='ocrx_word' id='word_1_164' title='bbox 723 2941 836 3001; x_wconf 91' lang='lat' dir='ltr'>horruit</span> <span class='ocrx_word' id='word_1_165' title='bbox 851 2940 963 3016; x_wconf 80' lang='lat' dir='ltr'>hastis3</span> 
     </span>
     <span class='ocr_line' id='line_1_27' title="bbox 168 3031 933 3111; baseline 0.003 -21"><span class='ocrx_word' id='word_1_166' title='bbox 168 3031 220 3090; x_wconf 87' lang='lat' dir='ltr'>Sed</span> <span class='ocrx_word' id='word_1_167' title='bbox 233 3034 369 3110; x_wconf 83' lang='lat' dir='ltr'>gravidae</span> <span class='ocrx_word' id='word_1_168' title='bbox 384 3035 481 3111; x_wconf 82' lang='lat' dir='ltr'>fruges</span> <span class='ocrx_word' id='word_1_169' title='bbox 496 3045 525 3094; x_wconf 89' lang='lat' dir='ltr'>et</span> <span class='ocrx_word' id='word_1_170' title='bbox 540 3035 648 3094; x_wconf 90' lang='lat' dir='ltr'>Bacchi</span> <span class='ocrx_word' id='word_1_171' title='bbox 664 3035 812 3094; x_wconf 88' lang='lat' dir='ltr'>Massicus</span> <span class='ocrx_word' id='word_1_172' title='bbox 826 3036 933 3094; x_wconf 89' lang='lat' dir='ltr'>humor</span> 
     </span>
     <span class='ocr_line' id='line_1_28' title="bbox 167 3127 868 3204; baseline 0.003 -20"><span class='ocrx_word' id='word_1_173' title='bbox 167 3127 342 3203; x_wconf 78' lang='lat' dir='ltr'>lmplevere3</span> <span class='ocrx_word' id='word_1_174' title='bbox 363 3137 467 3187; x_wconf 88' lang='lat' dir='ltr'>tenent</span> <span class='ocrx_word' id='word_1_175' title='bbox 480 3129 563 3187; x_wconf 88' lang='lat' dir='ltr'>oleae</span> <span class='ocrx_word' id='word_1_176' title='bbox 577 3138 768 3204; x_wconf 89' lang='lat' dir='ltr'>armentaque</span> <span class='ocrx_word' id='word_1_177' title='bbox 783 3128 868 3186; x_wconf 86' lang='lat' dir='ltr'>laeta</span> 
     </span>
     <span class='ocr_line' id='line_1_29' title="bbox 166 3218 935 3298; baseline 0.003 -20"><span class='ocrx_word' id='word_1_178' title='bbox 166 3220 243 3280; x_wconf 87' lang='lat' dir='ltr'>Hinc</span> <span class='ocrx_word' id='word_1_179' title='bbox 255 3218 380 3281; x_wconf 85' lang='lat' dir='ltr'>bellator</span> <span class='ocrx_word' id='word_1_180' title='bbox 393 3240 487 3298; x_wconf 90' lang='lat' dir='ltr'>equus</span> <span class='ocrx_word' id='word_1_181' title='bbox 502 3239 608 3297; x_wconf 93' lang='lat' dir='ltr'>campo</span> <span class='ocrx_word' id='word_1_182' title='bbox 623 3240 687 3281; x_wconf 91' lang='lat' dir='ltr'>sese</span> <span class='ocrx_word' id='word_1_183' title='bbox 702 3221 810 3280; x_wconf 87' lang='lat' dir='ltr'>arduus</span> <span class='ocrx_word' id='word_1_184' title='bbox 830 3220 935 3293; x_wconf 86' lang='lat' dir='ltr'>infert;</span> 
     </span>
     <span class='ocr_line' id='line_1_30' title="bbox 165 3311 917 3390; baseline 0.003 -20"><span class='ocrx_word' id='word_1_185' title='bbox 165 3311 241 3371; x_wconf 87' lang='lat' dir='ltr'>Hinc</span> <span class='ocrx_word' id='word_1_186' title='bbox 254 3313 322 3386; x_wconf 87' lang='lat' dir='ltr'>albi,</span> <span class='ocrx_word' id='word_1_187' title='bbox 338 3314 500 3386; x_wconf 91' lang='lat' dir='ltr'>Clitumne,</span> <span class='ocrx_word' id='word_1_188' title='bbox 515 3333 616 3390; x_wconf 81' lang='lat' dir='ltr'>greges</span> <span class='ocrx_word' id='word_1_189' title='bbox 631 3324 662 3374; x_wconf 91' lang='lat' dir='ltr'>et</span> <span class='ocrx_word' id='word_1_190' title='bbox 676 3313 804 3372; x_wconf 88' lang='lat' dir='ltr'>maxima</span> <span class='ocrx_word' id='word_1_191' title='bbox 819 3324 917 3373; x_wconf 89' lang='lat' dir='ltr'>taurus</span> 
     </span>
     <span class='ocr_line' id='line_1_31' title="bbox 163 3404 831 3483; baseline 0.003 -20"><span class='ocrx_word' id='word_1_192' title='bbox 163 3404 294 3479; x_wconf 75' lang='lat' dir='ltr'>Victima,</span> <span class='ocrx_word' id='word_1_193' title='bbox 310 3426 400 3483; x_wconf 89' lang='lat' dir='ltr'>saepe</span> <span class='ocrx_word' id='word_1_194' title='bbox 415 3418 467 3466; x_wconf 89' lang='lat' dir='ltr'>tuo</span> <span class='ocrx_word' id='word_1_195' title='bbox 481 3406 589 3483; x_wconf 78' lang='lat' dir='ltr'>perfusi</span> <span class='ocrx_word' id='word_1_196' title='bbox 603 3407 724 3466; x_wconf 90' lang='lat' dir='ltr'>flumine</span> <span class='ocrx_word' id='word_1_197' title='bbox 739 3426 831 3479; x_wconf 88' lang='lat' dir='ltr'>sacro,</span> 
     </span>
     <span class='ocr_line' id='line_1_32' title="bbox 164 3497 905 3576; baseline 0.003 -20"><span class='ocrx_word' id='word_1_198' title='bbox 164 3497 312 3559; x_wconf 90' lang='lat' dir='ltr'>Romanos</span> <span class='ocrx_word' id='word_1_199' title='bbox 327 3501 365 3559; x_wconf 87' lang='lat' dir='ltr'>ad</span> <span class='ocrx_word' id='word_1_200' title='bbox 380 3499 493 3575; x_wconf 90' lang='lat' dir='ltr'>templa</span> <span class='ocrx_word' id='word_1_201' title='bbox 507 3500 594 3559; x_wconf 90' lang='lat' dir='ltr'>deum</span> <span class='ocrx_word' id='word_1_202' title='bbox 610 3501 719 3560; x_wconf 87' lang='lat' dir='ltr'>duxere</span> <span class='ocrx_word' id='word_1_203' title='bbox 735 3499 905 3576; x_wconf 85' lang='lat' dir='ltr'>triumphos</span> 
     </span>
     <span class='ocr_line' id='line_1_33' title="bbox 165 3589 975 3669; baseline 0.005 -21"><span class='ocrx_word' id='word_1_204' title='bbox 165 3589 221 3650; x_wconf 87' lang='lat' dir='ltr'>llic</span> <span class='ocrx_word' id='word_1_205' title='bbox 234 3612 284 3650; x_wconf 83' lang='lat' dir='ltr'>ver</span> <span class='ocrx_word' id='word_1_206' title='bbox 296 3591 456 3651; x_wconf 84' lang='lat' dir='ltr'>adsiduum</span> <span class='ocrx_word' id='word_1_207' title='bbox 471 3602 558 3669; x_wconf 91' lang='lat' dir='ltr'>atque</span> <span class='ocrx_word' id='word_1_208' title='bbox 574 3592 676 3652; x_wconf 86' lang='lat' dir='ltr'>alienis</span> <span class='ocrx_word' id='word_1_209' title='bbox 691 3591 843 3652; x_wconf 91' lang='lat' dir='ltr'>mensibus</span> <span class='ocrx_word' id='word_1_210' title='bbox 858 3603 975 3667; x_wconf 89' lang='lat' dir='ltr'>aestas;</span> 
     </span>
     <span class='ocr_line' id='line_1_34' title="bbox 163 3681 890 3762; baseline 0.004 -20"><span class='ocrx_word' id='word_1_211' title='bbox 163 3681 208 3742; x_wconf 87' lang='lat' dir='ltr'>Bis</span> <span class='ocrx_word' id='word_1_212' title='bbox 220 3684 358 3760; x_wconf 87' lang='lat' dir='ltr'>gravidae</span> <span class='ocrx_word' id='word_1_213' title='bbox 372 3685 513 3762; x_wconf 87' lang='lat' dir='ltr'>pecudes,</span> <span class='ocrx_word' id='word_1_214' title='bbox 529 3685 575 3744; x_wconf 93' lang='lat' dir='ltr'>bis</span> <span class='ocrx_word' id='word_1_215' title='bbox 589 3685 686 3762; x_wconf 89' lang='lat' dir='ltr'>pomis</span> <span class='ocrx_word' id='word_1_216' title='bbox 701 3686 781 3745; x_wconf 91' lang='lat' dir='ltr'>utilis</span> <span class='ocrx_word' id='word_1_217' title='bbox 796 3686 890 3745; x_wconf 88' lang='lat' dir='ltr'>arbos.</span> 
     </span>
     <span class='ocr_line' id='line_1_35' title="bbox 161 3776 838 3855; baseline 0.006 -23"><span class='ocrx_word' id='word_1_218' title='bbox 161 3777 198 3834; x_wconf 80' lang='lat' dir='ltr'>At</span> <span class='ocrx_word' id='word_1_219' title='bbox 211 3776 330 3838; x_wconf 87' lang='lat' dir='ltr'>rabidae</span> <span class='ocrx_word' id='word_1_220' title='bbox 345 3778 435 3855; x_wconf 84' lang='lat' dir='ltr'>tigres</span> <span class='ocrx_word' id='word_1_221' title='bbox 450 3779 557 3838; x_wconf 89' lang='lat' dir='ltr'>absunt</span> <span class='ocrx_word' id='word_1_222' title='bbox 570 3790 601 3838; x_wconf 89' lang='lat' dir='ltr'>et</span> <span class='ocrx_word' id='word_1_223' title='bbox 615 3798 703 3838; x_wconf 89' lang='lat' dir='ltr'>saeva</span> <span class='ocrx_word' id='word_1_224' title='bbox 718 3780 838 3838; x_wconf 91' lang='lat' dir='ltr'>leonum</span> 
     </span>
     <span class='ocr_line' id='line_1_36' title="bbox 160 3868 897 3949; baseline 0.005 -21"><span class='ocrx_word' id='word_1_225' title='bbox 160 3868 283 3943; x_wconf 84' lang='lat' dir='ltr'>Semina,</span> <span class='ocrx_word' id='word_1_226' title='bbox 297 3889 354 3930; x_wconf 89' lang='lat' dir='ltr'>nec</span> <span class='ocrx_word' id='word_1_227' title='bbox 369 3871 493 3930; x_wconf 91' lang='lat' dir='ltr'>miseros</span> <span class='ocrx_word' id='word_1_228' title='bbox 507 3872 612 3932; x_wconf 81' lang='lat' dir='ltr'>fallunt</span> <span class='ocrx_word' id='word_1_229' title='bbox 626 3871 743 3931; x_wconf 88' lang='lat' dir='ltr'>aconita</span> <span class='ocrx_word' id='word_1_230' title='bbox 757 3873 897 3949; x_wconf 90' lang='lat' dir='ltr'>legentes,</span> 
     </span>
     <span class='ocr_line' id='line_1_37' title="bbox 160 3963 1012 4042; baseline 0.008 -22"><span class='ocrx_word' id='word_1_231' title='bbox 160 3963 221 4022; x_wconf 86' lang='lat' dir='ltr'>Nec</span> <span class='ocrx_word' id='word_1_232' title='bbox 236 3965 310 4041; x_wconf 90' lang='lat' dir='ltr'>rapit</span> <span class='ocrx_word' id='word_1_233' title='bbox 325 3965 489 4023; x_wconf 86' lang='lat' dir='ltr'>immensos</span> <span class='ocrx_word' id='word_1_234' title='bbox 502 3965 589 4024; x_wconf 89' lang='lat' dir='ltr'>orbes</span> <span class='ocrx_word' id='word_1_235' title='bbox 604 3984 657 4041; x_wconf 91' lang='lat' dir='ltr'>per</span> <span class='ocrx_word' id='word_1_236' title='bbox 670 3966 800 4037; x_wconf 89' lang='lat' dir='ltr'>humum,</span> <span class='ocrx_word' id='word_1_237' title='bbox 817 3985 914 4042; x_wconf 91' lang='lat' dir='ltr'>neque</span> <span class='ocrx_word' id='word_1_238' title='bbox 929 3976 1012 4027; x_wconf 87' lang='lat' dir='ltr'>tanto</span> 
     </span>
     <span class='ocr_line' id='line_1_38' title="bbox 159 4055 899 4137; baseline 0.003 -21"><span class='ocrx_word' id='word_1_239' title='bbox 159 4055 321 4133; x_wconf 88' lang='lat' dir='ltr'>Squameus</span> <span class='ocrx_word' id='word_1_240' title='bbox 335 4057 367 4116; x_wconf 91' lang='lat' dir='ltr'>in</span> <span class='ocrx_word' id='word_1_241' title='bbox 383 4055 493 4134; x_wconf 88' lang='lat' dir='ltr'>spiram</span> <span class='ocrx_word' id='word_1_242' title='bbox 508 4067 601 4118; x_wconf 88' lang='lat' dir='ltr'>tractu</span> <span class='ocrx_word' id='word_1_243' title='bbox 615 4077 647 4117; x_wconf 91' lang='lat' dir='ltr'>se</span> <span class='ocrx_word' id='word_1_244' title='bbox 661 4057 772 4134; x_wconf 84' lang='lat' dir='ltr'>colligit</span> <span class='ocrx_word' id='word_1_245' title='bbox 786 4059 899 4137; x_wconf 84' lang='lat' dir='ltr'>anguis.</span> 
     </span>
    </p>
   </div>
   <div class='ocr_carea' id='block_1_5' title="bbox 0 0 1310 4926">
    <p class='ocr_par' dir='ltr' id='par_1_9' title="bbox 0 0 1310 4926">
     <span class='ocr_line' id='line_1_39' title="bbox 0 0 1310 4926; baseline 0 13"><span class='ocrx_word' id='word_1_246' title='bbox 0 0 1310 4926; x_wconf 95' lang='lat' dir='ltr'> </span> 
     </span>
    </p>
   </div>
  </div>
 </body>
</html>
