2610 4926
115 39 1293 281 -

493 659 677 704 GEORGICON
699 661 758 704 LIB.
778 662 812 705 11.

202 802 307 863 Sufficiet
317 805 427 865 Baccho
440 802 528 877 vites,
543 803 593 864 hic
606 804 708 865 fertilis
723 825 807 879 uvae,

202 895 252 956 Hic
263 896 346 972 laticis,
360 899 480 974 qualem
495 896 603 975 pateris
618 897 743 966 libamus
757 911 787 959 et
802 918 882 974 aun),

202 989 295 1050 lnflarit
305 1010 387 1068 quum
401 988 523 1068 pinguis
538 991 610 1050 ebur
623 992 792 1070 Tyrrhenus
806 993 845 1052 ad
859 1012 926 1053 aras

200 1081 319 1144 lancibus
330 1096 357 1144 et
370 1083 481 1163 pandis
495 1083 639 1144 fumantia
652 1085 803 1144 reddimus
818 1097 894 1146 exta

199 1173 238 1233 Sin
248 1189 361 1237 amenta
373 1176 469 1254 magis
483 1177 615 1237 studium
629 1177 795 1254 vitulosque
810 1178 893 1252 tueri,
1106 1210 1143 1250 ιφ,

121 1320 131 1339 ,
199 1268 246 1326 Aut
256 1270 319 1330 letus
330 1271 441 1343 ovium,
455 1282 508 1329 aut
521 1283 640 1330 urentes
654 1271 735 1330 culta
747 1272 886 1347 capellas,

198 1359 274 1422 sutus
284 1373 312 1423 et
322 1363 412 1424 saturi
426 1362 523 1440 petito
538 1363 700 1439 longinqua
713 1364 843 1438 Tarenti,

135 1499 140 1507 .
198 1453 334 1531 thualem
348 1456 451 1516 infelix
465 1454 563 1514 amisit
578 1457 705 1515 Mantua
718 1476 864 1533 campum,

195 1547 339 1609 Pascentem
354 1549 459 1608 niveos
473 1547 602 1608 herboso
616 1548 736 1608 flumine
750 1568 880 1627 cycnos:

194 1640 247 1699 Nou
258 1641 352 1719 liquidi
365 1640 506 1719 gregibus
520 1641 625 1714 fontes,
641 1660 700 1700 non
715 1641 848 1718 gramina
861 1643 994 1718 deerunt,
1104 1672 1142 1702 ιω

191 1732 227 1804 Et,
239 1749 368 1810 quantum
383 1733 480 1811 longis
494 1744 617 1810 carpent
631 1746 762 1793 armenta
776 1734 890 1808 diebus,

187 1825 284 1903 Exigua·
293 1839 406 1888 tautum
420 1826 536 1904 gelidus
548 1846 596 1886 ros
610 1837 699 1887 nocte
713 1839 845 1903 reponet

187 1917 261 1997 Nigra
272 1920 329 1981 sere
344 1933 375 1981 et
389 1939 493 1998 presso
506 1918 623 1996 pinguis
637 1921 692 1979 sub
707 1939 827 1980 vomere
843 1930 927 1994 terra,

184 2012 215 2070 u
225 2013 266 2072 cui
278 2025 361 2091 putre
376 2015 481 2084 solum,
490 2032 669 2089 -namque
683 2014 741 2072 hoc
756 2012 905 2073 imitamur
918 2013 1080 2075 arando-

182 2105 286 2181 optima
298 2091 451 2166 humentis
462 2128 472 2180 ;
491 2125 553 2164 non
567 2107 629 2165 ullo
642 2126 680 2165 ex
693 2125 823 2182 aequore
837 2125 942 2167 cernes
1041 2151 1044 2157 ,
1101 2135 1138 2174 ως

181 2198 254 2259 Plura
265 2201 386 2259 domum
401 2198 492 2259 tardis
506 2192 656 2259 decedere'
664 2201 795 2276 plaustra
806 2199 959 2279 juvencis;

179 2293 231 2351 Aut
243 2293 317 2353 unde
332 2293 423 2352 iratus
438 2290 541 2351 silvam
556 2293 673 2352 devexit
688 2304 784 2352 arator

178 2385 210 2444 Et
223 2406 337 2446 nemora
350 2387 455 2446 evertit
472 2386 581 2445 multos
594 2386 702 2462 ignava
715 2405 767 2462 per
781 2406 884 2460 annos,

175 2479 366 2555 Antiquasque
381 2479 489 2538 domos
506 2478 603 2536 avium
618 2478 839 2562 cum'stirpibus
853 2479 919 2540 imis

178 2571 266 2646 Eunt,
285 2572 351 2632 illae
366 2573 459 2630 altum
474 2570 551 2630 nidis
566 2572 677 2648 petiere
692 2572 820 2646 relictis;
849 2610 854 2620 ·

175 2666 210 2722 At
223 2666 298 2724 rudis
312 2664 417 2725 enituit
433 2663 559 2740 impulso
575 2684 692 2724 vomere
707 2685 836 2743 campus.

174 2757 244 2816 Nam
254 2760 356 2837 jejuna
370 2757 493 2835 quidem
507 2757 610 2817 clivosi
624 2759 722 2834 glarea
736 2759 809 2819 ruris

172 2850 224 2909 Vix
237 2852 360 2911 humiles
375 2851 481 2928 apibus
496 2850 589 2910 casias
604 2871 759 2928 roremque
774 2852 938 2928 ministrat;

173 2944 206 3004 Et
218 2948 292 3005 tosus
306 2947 418 3017 scaber,
435 2957 465 3005 et
479 2943 567 3020 nigris
581 2964 669 3004 exesa
683 2945 830 3022 chelydris

171 3039 251 3098 Creta
265 3050 373 3116 negant
388 3037 463 3097 alios
478 3056 571 3113 aeque
586 3038 771 3114 serpentibus
786 3057 872 3115 agros
1102 3067 1139 3105 ης

171 3131 288 3191 Dulcem
302 3134 376 3192 serre
391 3131 492 3191 cibum
506 3142 536 3189 et
549 3150 653 3191 curvas
668 3135 809 3208 praebere
825 3132 960 3191 latebras.

169 3224 247 3298 Quae
262 3236 380 3285 tenuem
397 3224 514 3283 exhalat
528 3226 667 3284 nebulam
683 3227 838 3300 fumosque
853 3225 997 3297 volucres,

168 3318 204 3376 Et
217 3318 289 3378 bibit
303 3319 468 3388 humorem,
485 3328 514 3375 et
528 3337 619 3392 quum
634 3319 705 3390 vult,
721 3337 758 3376 ex
773 3336 803 3375 se
819 3316 884 3393 ipsa
898 3317 1026 3391 remittit,

167 3410 288 3487 Quaque
302 3430 357 3470 suo
371 3428 492 3486 semper
505 3410 606 3471 viridis
621 3431 652 3470 se
667 3410 798 3487 gramine
813 3409 908 3483 vestit,

167 3503 229 3562 Nec
242 3503 340 3563 scabie
354 3514 386 3563 et
400 3504 478 3562 salsa
491 3505 581 3563 laedit
596 3503 730 3578 robigine
744 3503 860 3575 serrum,

167 3596 220 3655 llla
233 3597 285 3655 tibi
300 3597 385 3657 laetis
400 3597 511 3656 intexet
525 3597 633 3655 vitibus
648 3597 754 3667 ulmos,

165 3690 220 3748 llla
233 3691 311 3749 ferax
325 3690 410 3750 oleae
425 3701 478 3762 est,
496 3691 576 3748 illam
591 3688 739 3764 experiere
754 3687 883 3748 colendo

164 3784 200 3843 Et
215 3783 330 3843 facilem
344 3783 448 3863 pecori
463 3794 491 3842 et
507 3783 669 3859 patientem
683 3780 811 3838 vomeris
824 3781 901 3840 unci.

161 3877 265 3937 Talem
280 3878 363 3937 dives
379 3887 442 3942 arat
457 3877 562 3951 Capua
575 3885 604 3932 et
619 3872 716 3932 vicina
730 3874 848 3932 Vesevo

159 3972 222 4033 Ora
232 3972 304 4048 jugo
315 3980 345 4030 et
359 3967 463 4027 vacuis
478 3968 600 4026 Clanius
615 3985 676 4024 non
691 3983 803 4041 aequus
818 3965 941 4025 Acerris
1103 3991 1140 4028 ιι,

200 4066 299 4138 Nunc,
315 4081 377 4138 quo
391 4078 541 4136 quamque
556 4059 648 4117 modo
662 4057 758 4136 possis
773 4076 961 4135 cognoscere,
977 4055 1084 4116 dicam.
