2610 4926
221 73 256 128 74
536 71 559 110 n.
583 70 713 110 vinorum
737 70 878 114 nunonis

217 217 384 290 Terrasdue
400 224 566 289 tractusque
582 216 669 272 maris
685 217 857 289 coelumque
873 216 1060 291 profundum,

218 306 359 385 Adspice,
374 317 498 366 venturo
513 308 658 365 laetantur
672 320 703 365 ut
717 310 816 365 omnin
831 311 948 368 saccio!

217 400 246 462 O
260 399 332 458 mihi
346 409 407 458 tam
421 398 527 477 longae
541 410 659 457 maneat
674 419 740 476 pars
756 401 858 460 ultima
873 403 958 474 vitae,

218 491 344 569 Spiritus
358 502 396 564 et,
412 501 556 567 quantum
569 502 616 551 sat
629 492 685 551 erit
699 502 749 551 tua
762 492 862 553 dicere
877 495 972 554 sacta:

217 585 289 644 Non
303 603 351 645 me
364 583 542 644 carminibus
555 583 655 644 vincet
669 603 726 644 nec
740 587 885 646 Thracius
900 588 1047 665 Orpheus,
1170 613 1196 654 ss

217 678 284 739 Nec
298 677 400 750 Linus,
415 676 484 737 huic
497 687 592 737 mater
605 678 740 753 quamvis
754 690 844 756 atque
858 679 928 741 huic
940 691 1026 759 pater
1038 681 1127 756 adsit,

217 767 331 847 Orphei
345 769 508 847 Calliopea,
524 769 602 829 Lino
615 768 762 831 formosus
777 772 896 849 Apollo.

218 864 282 923 Pan
295 861 394 936 etiam,
410 862 540 923 Arcadia
552 880 669 923 mecum
683 863 709 924 si
728 864 828 941 judice
841 875 943 940 certet,

218 958 282 1017 Pan
296 954 385 1016 etiam
400 954 530 1015 Arcadia
542 953 623 1015 dicat
636 974 670 1016 se
687 956 788 1036 judice
801 957 921 1019 victum

218 1049 332 1127 Incipe,
346 1066 437 1125 parve
451 1066 533 1126 puer,
546 1047 608 1109 risu
620 1066 802 1129 cognoscere
815 1060 958 1111 matrem:
1170 1064 1201 1109 s·

218 1142 309 1203 Matri
324 1141 414 1219 lbnga
427 1140 532 1201 decem
546 1141 676 1203 tulerunt
689 1141 809 1203 fastidia
820 1160 961 1233 mensos,

218 1234 332 1312 Incipe,
346 1251 437 1311 parve
451 1251 543 1311 puer:
561 1233 609 1294 cui
623 1252 686 1295 non
698 1233 789 1296 risere
801 1244 951 1313 parentes,

217 1324 1043 1407 Necdeusnuncmenmeanecdignaucnbiliesc

573 1644 771 1709 ECLOGA
796 1647 837 1709 V.

591 1756 822 1862 DAPHMIS.

532 1950 708 1997 usnnmss
750 1920 880 1999 uorsus

630 2084 787 2127 usuum

218 2160 292 2223 Cur
305 2174 376 2231 non,
390 2156 511 2233 Mopse,
524 2152 599 2215 boni
611 2151 754 2231 quoniam
766 2152 963 2217 convenimus
975 2152 1075 2231 ambo,

218 2244 947 2325 Iucalanosinflaoelevmgodioerevenm,

220 2338 615 2423 Hiccorylismixtasintcr
627 2338 812 2400 considimus
825 2338 944 2401 dnos?
1188 2398 1197 2431 ἢ

649 2458 764 2498 uorsus
1032 2474 1035 2481 .

218 2530 268 2590 Tu
280 2528 394 2609 major3
412 2526 468 2589 tibi
480 2544 529 2587 me
543 2534 589 2586 est
601 2543 729 2602 aequiun
743 2544 855 2603 parere,
871 2524 1022 2599 Menalca,

221 2622 290 2684 Sive
304 2623 361 2684 sub
374 2621 503 2682 incertas
516 2619 658 2699 Zephyris
671 2618 855 2679 motantibus
868 2618 998 2691 unbras,
1187 2644 1201 2689 ς

219 2715 288 2777 Sive
301 2725 386 2775 antro
399 2713 498 2791 potius
512 2711 707 2773 succedimus
750 2711 893 2788 Adspice,
908 2722 941 2773 ut
954 2720 1072 2773 anuum

219 2807 369 2869 silvestris
381 2805 455 2867 raris
468 2804 575 2882 sparsit
587 2804 725 2864 labrusca
738 2803 871 2863 racemis.

626 2924 780 2963 ictusictus·

222 2992 378 3055 Montibus
392 2992 424 3052 in
437 2992 547 3054 nostris
560 2991 644 3053 solus
656 2991 711 3050 tibi
725 2998 819 3049 certat
833 2991 986 3068 Amyntas

220 3178 312 3254 Quid,
327 3178 354 3240 si
367 3177 446 3239 idem
460 3187 556 3239 certet
570 3110 880 3254 Pmeddddibmmm
892 3176 1053 3241 canendo?

222 3365 337 3446 Incipe,
353 3367 471 3445 Mopse,
485 3364 573 3443 prior,
588 3363 614 3425 si
628 3298 929 3444 :diffidendum
943 3364 1037 3445 ignes,

222 3463 284 3523 Aut
297 3459 421 3522 Alconis
433 3458 529 3519 habes
541 3458 654 3534 laudes,
669 3469 721 3520 aut
736 3458 835 3539 jurgia
847 3457 949 3520 Codri.
