2610 4882
532 649 693 695 munos
713 651 772 695 um
792 652 825 696 11.

156 780 294 856 Haud
306 792 401 873 ignota
413 792 570 872 loquor-
579 795 692 873 superis
706 797 854 858 concessit
867 798 906 860 ab
920 798 981 862 oris

161 879 331 949 Afflicus
343 887 433 948 vitam
447 887 479 946 in
493 888 624 949 tenebris
638 890 778 966 luctuque
792 892 954 968 trahebam,

163 971 229 1036 Et
248 1001 348 1042 oasrrm
361 979 488 1041 insontis
502 999 620 1042 mecum
634 981 810 1059 indignabar
823 985 917 1045 amici

165 1066 266 1135 Nec
279 1073 353 1136 tacui
366 1074 500 1148 demens,
515 1084 546 1134 et
559 1093 617 1147 me,
631 1075 691 1134 sors
705 1075 729 1134 si
744 1095 803 1152 qua
816 1077 940 1152 tulisset,

169 1161 218 1221 Si
236 1168 350 1244 patrios
363 1186 505 1244 umquam
519 1184 697 1227 remeassem
711 1167 805 1228 victor
818 1169 856 1229 ad
871 1173 978 1248 Argos,

173 1255 321 1322 Promisi
334 1262 468 1334 ultorem,
482 1269 513 1320 et
526 1258 624 1319 verbis
638 1258 709 1319 odia
722 1279 826 1337 aspera
839 1262 927 1322 movi.

173 1347 280 1414 Hinc
293 1353 363 1413 mihi
376 1353 471 1431 prima
484 1352 555 1412 mali
573 1353 665 1426 labes,
680 1352 750 1412 hinc
764 1372 881 1430 semper
895 1354 1000 1417 Ulixes

178 1442 375 1507 Criminibus
388 1456 495 1506 terrere
510 1445 606 1519 novis,
621 1446 691 1505 hinc
706 1463 843 1523 spargere
856 1466 947 1509 voces

179 1535 231 1596 In
248 1541 365 1617 vulgum
379 1539 541 1616 ambiguas,
558 1549 588 1599 et
602 1556 743 1615 quaerere
756 1539 893 1600 conscius
907 1559 996 1602 arma.

182 1628 264 1691 Nec
277 1632 418 1709 requievit
432 1631 521 1706 enim,
536 1632 634 1692 donec
649 1631 812 1692 Calchante
827 1633 1012 1694 ministro—
1133 1664 1170 1694 ιω

183 1721 259 1784 Sed
272 1724 342 1802 quid
356 1744 413 1803 ego
428 1725 503 1785 haec
517 1735 616 1785 autem
631 1724 834 1801 nequidquam
848 1723 962 1801 ingrata
974 1727 1116 1790 revolvo?

185 1813 313 1888 Quidve
327 1837 434 1889 moror,
450 1817 476 1878 si
490 1836 594 1878 omnes
608 1837 669 1878 uno
683 1817 787 1878 ordine
801 1817 918 1877 habetis
933 1819 1073 1896 Achivos,

189 1905 293 1987 quue
306 1910 405 1970 audire
420 1921 466 1970 sat
479 1913 545 1971 est?
584 1910 765 1988 Jamdudum
779 1910 887 1970 sumite
900 1929 1034 1989 poenas3

194 1997 270 2063 Hoc
283 2003 402 2064 Ithacus
414 2003 495 2076 velit,
510 2015 541 2064 et
554 2022 663 2081 magno
677 2014 843 2064 mercentur
856 2003 987 2065 Atridae.

238 2095 312 2155 Tum
325 2115 394 2156 vero
408 2097 547 2157 ardemus
561 2096 659 2157 scitari
673 2107 703 2156 et
717 2115 857 2174 quaerere
871 2116 1000 2172 caussas,
1013 2153 1017 2160 ,
1131 2127 1168 2166 ιο,

205 2181 295 2261 Ignari
308 2190 451 2250 scelerum
466 2199 614 2249 tantorum
628 2189 757 2267 artisque
772 2191 923 2269 Pelasgae.

211 2275 386 2358 Prosequitur
400 2283 546 2360 pavitans,
561 2293 591 2342 et
604 2283 675 2342 ficto
689 2294 809 2360 pectore
823 2284 917 2343 satirr:

239 2373 329 2451 ,Saepe
343 2376 441 2452 sugam
458 2375 556 2434 Danai
571 2377 663 2452 Troja
676 2376 793 2452 cupiere
808 2376 910 2437 relicta

221 2459 299 2525 lloliri
312 2479 341 2528 et
354 2470 446 2547 longo
460 2468 530 2528 sessi
544 2468 696 2529 discedere
711 2469 811 2544 bello;

224 2552 406 2638 Fecissentque
420 2561 552 2621 utinam!
573 2581 662 2638 saepe
677 2562 744 2622 illos
759 2581 862 2639 aspera
876 2562 961 2639 ponti

134 2679 138 2689 ι
227 2646 365 2713 Interclusit
377 2653 502 2727 hiemes,
518 2665 548 2714 et
561 2654 663 2714 terruit
677 2657 786 2714 Auster
799 2667 910 2715 euntes.

228 2737 365 2823 Praecipue,
381 2766 473 2824 quum
486 2748 547 2825 jam
562 2747 610 2806 hic
624 2748 755 2807 trabibus
770 2760 928 2809 contextus
942 2748 1058 2810 acernis

227 2830 296 2896 Slaret
308 2858 411 2917 equus,
427 2849 491 2899 toto
506 2851 668 2899 sonuerunt
681 2841 798 2900 aethere
813 2841 914 2900 nimbi.

226 2923 337 3004 Suspensi
352 2933 534 3010 Eurypylum
548 2933 704 2992 scitantem
719 2935 838 2993 oracula
853 2933 967 2993 Phoebi

223 3017 350 3098 Mittimus,
365 3025 451 3101 isque
466 3025 562 3102 adytis
577 3025 650 3085 haec
665 3026 758 3086 tristia
772 3026 852 3085 dicta
866 3037 1015 3103 reportat:
1133 3055 1155 3084 ιι

221 3109 343 3190 Sanguine
358 3118 498 3195 placastis
512 3129 617 3178 ventos
631 3129 661 3177 et
674 3118 785 3195 virgine
799 3138 894 3191 caesa,

217 3203 297 3278 Quum
310 3211 435 3286 primum
452 3212 566 3284 Iliacas,
583 3210 688 3283 Danai,
705 3211 825 3270 venistis
839 3212 877 3270 ad
893 3230 981 3286 oras3

215 3297 518 3381 Sanguine'quaerendi
532 3304 652 3377 reditus,
668 3304 825 3380 animaque
840 3304 984 3363 litandum

208 3393 338 3468 Argolica.
382 3397 472 3473 Vulgi
488 3416 563 3473 quae
577 3415 636 3455 vox
649 3409 682 3456 ut
695 3398 776 3456 venit
791 3398 828 3456 ad
843 3417 936 3471 aures,

208 3483 382 3564 Obstupuere
397 3489 498 3561 animi,
512 3490 686 3566 gelidusque
701 3509 753 3566 per
770 3490 829 3549 ima
843 3489 971 3550 cucurrit

203 3579 275 3639 Ossa
288 3592 402 3655 tremor,
417 3583 467 3642 cui
480 3583 540 3642 sata
554 3594 665 3659 parent,
682 3602 770 3659 quern
785 3595 889 3658 poscat
902 3584 1021 3660 Apollo.

203 3671 261 3731 Hic
276 3674 393 3734 Ithacus
408 3687 506 3734 vatem
520 3694 629 3753 magno
644 3676 809 3736 Calchanta
823 3678 949 3736 tumultu

198 3767 341 3826 Protrahit
356 3769 386 3826 in
400 3769 537 3842 medios;
557 3788 634 3845 quae
648 3769 707 3827 sint
720 3788 756 3827 ea
770 3768 892 3828 numina
906 3769 1014 3844 divum,

194 3859 327 3936 flagitat
370 3863 409 3920 Et
423 3860 496 3919 mihi
507 3862 569 3937 jam
584 3861 668 3921 multi
682 3863 800 3921 crudele
815 3865 963 3923 canebant

188 3953 320 4013 Artificis
334 3955 441 4027 scelus,
456 3963 488 4013 et
502 3954 583 4013 taciti
597 3965 720 4013 ventura
733 3955 883 4014 videbant

187 4045 239 4106 Bis
254 4045 363 4124 quinos
377 4046 445 4107 silet
457 4045 508 4107 ille
522 4046 596 4120 dies,
612 4057 766 4125 tectusque
780 4058 895 4109 recusat
