2610 4926
167 747 225 793 1²0
481 743 508 788 P.
529 743 665 795 mauult
684 744 828 793 1180!ss

164 887 343 968 Insequitur.
386 887 486 964 Quem
495 888 556 951 dns
567 889 669 965 finem,
683 908 737 953 rex
749 909 867 971 magne,
879 888 1041 963 laborm

164 985 301 1043 Antenor
314 980 419 1061 potuit,
433 981 542 1045 mediis
554 983 676 1063 elapsus
688 983 822 1060 Achivis,

164 1075 302 1156 Illyricos
315 1084 470 1153 penetrare
482 1075 567 1137 sinus
580 1086 671 1154 etque
685 1075 790 1139 intima
803 1086 884 1139 nitus

164 1169 272 1249 Regna
285 1167 493 1243 Liburnorum,
507 1177 539 1231 et
552 1168 667 1231 innmm
680 1188 821 1249 superare
834 1168 961 1247 Timeri,

154 1263 257 1322 'Unde
271 1279 326 1339 per
339 1279 393 1321 om
405 1279 514 1323 novem
528 1271 614 1323 vesto
626 1280 697 1323 eum
709 1281 858 1325 murmure
869 1262 994 1327 montis.
1104 1290 1145 1337 ιι

164 1357 195 1417 It
207 1373 288 1415 mare
302 1364 477 1432 proruptum
490 1364 522 1416 et
534 1355 644 1435 pelago
656 1355 766 1434 premit
777 1374 848 1417 erra
860 1354 988 1419 numm

132 1482 135 1489 ·
165 1447 228 1508 Hic
243 1457 343 1507 tamen
358 1446 409 1506 ille
423 1446 528 1509 urbem
541 1448 646 1509 Patavi
658 1448 807 1526 sedesque
820 1446 931 1511 bavit

163 1542 358 1614 Teucrorum,
373 1549 405 1601 et
416 1540 499 1619 genti
513 1560 624 1603 nomen
638 1539 723 1603 dedit
734 1558 876 1619 urnisque
888 1540 955 1605 fixit

164 1633 264 1707 Troia,
280 1632 493 1711 nunc·placidn
504 1643 679 1711 compostus
692 1650 767 1713 peee
780 1633 930 1713 quieuere:

164 1723 692 1805 Nosnmprogeniescoeliquibus
704 1725 813 1789 adnuis
825 1744 936 1802 arcem,
1106 1752 1146 1799 ῃ

164 1818 511 1881 Navibus—infandum
521 1819 713 1895 i—nmissis,
727 1818 816 1883 unius
828 1819 874 1901 ob,
883 1817 958 1883 unm
1031 1892 1037 1903 1

164 1911 321 1973 Prodimur
334 1920 424 1989 atque
439 1911 524 1973 Italis
537 1912 627 1990 longe
639 1908 838 1991 disjungimur
849 1912 919 1977 oris

164 2006 227 2067 Hic
240 2005 360 2084 pietatis
374 2006 494 2067 honos?
513 2005 558 2067 sic
572 2024 630 2067 nos
643 2003 676 2067 in
688 2014 807 2084 sceptra
818 2004 960 2085 reponis?

204 2098 266 2160 Olli
280 2097 437 2161 subridens
449 2096 605 2161 hominum
618 2107 698 2159 satur
710 2108 801 2175 etque
814 2098 940 2161 dennrm
1136 2146 1141 2153 .

163 2192 266 2266 Vultu,
281 2210 342 2269 quo
356 2191 473 2251 coelum
487 2200 741 2269 tempestatesque
753 2200 882 2265 serenet,
902 2216 908 2225 ·
981 2182 984 2187 ’
1098 2212 1145 2261 m

164 2286 278 2349 Oscula
291 2283 393 2344 libavit
407 2292 503 2356 natae,
518 2282 628 2345 dehinc
642 2283 713 2343 talia
726 2282 823 2344 fatur:

164 2379 258 2437 Parce
272 2387 362 2449 metu,
378 2376 535 2454 Cytherea,
550 2388 673 2436 manent
687 2377 809 2436 immota
818 2386 939 2437 tuorum

164 2471 239 2530 Fata
253 2469 326 2529 tibi:
345 2488 450 2530 cernes
463 2469 566 2529 urbem
581 2479 611 2529 et
624 2469 770 2547 promissa
784 2469 890 2529 Lavini

38 2587 42 2593 ·
164 2563 297 2636 Moenia,
311 2562 529 2638 sublimemque
544 2554 620 2623 feres
634 2563 672 2622 ad
687 2561 785 2622 sidera
798 2561 876 2623 coeli

164 2655 390 2734 Magnanimum
405 2657 529 2715 Aenean
543 2676 551 2729 3
571 2674 669 2732 neque
683 2674 731 2714 me
746 2655 894 2715 sententia
906 2653 1003 2715 vertit.
1106 2667 1145 2707 ἡ

163 2750 227 2809 Hic
241 2749 294 2809 tibi
305 2783 346 2793 -
355 2749 440 2808 fabor
453 2749 542 2823 enim,
558 2748 680 2826 quando
693 2749 768 2808 haee
781 2758 811 2808 te
825 2766 896 2807 cura
909 2746 1069 2821 remordet,

164 2841 297 2921 Longius
311 2852 340 2902 et
353 2842 478 2902 volvens
491 2841 617 2903 satorum
631 2859 739 2901 arcana
753 2841 930 2901 movebo-
1059 2872 1065 2883 ·

163 2935 279 2995 Bellum
295 2935 400 3014 ingens
413 2945 497 3013 geret
511 2934 599 2994 ltalia
612 2933 799 3011 populosque
812 2933 927 2994 seroces

163 3028 346 3101 Contundet‚
362 3046 520 3104 moresque
535 3026 606 3086 viris
620 3037 650 3086 et
663 3026 782 3086 moenia
795 3035 896 3103 ponet,

163 3120 267 3182 Tertia
279 3121 351 3181 dum
367 3120 454 3181 Latio
468 3129 642 3199 regnantem
656 3118 764 3178 viderit
777 3129 884 3191 aestas,
963 3178 966 3184 ,
1106 3131 1146 3183 ¹0⁸

163 3215 322 3291 Temaque
336 3213 504 3274 transierint
519 3211 640 3273 Rutulis
654 3211 779 3271 hiberna
792 3210 932 3271 subactis

163 3310 205 3367 At
219 3326 293 3384 puer
308 3307 465 3379 Ascanius,
480 3305 528 3365 cui
543 3323 622 3365 nunc
637 3322 806 3382 cognomen
821 3302 891 3363 Iulo

162 3399 301 3472 Additur,
311 3400 424 3458 -Ilus
439 3408 509 3470 emt,
525 3398 596 3457 dum
611 3416 658 3457 res
673 3397 755 3457 stetit
770 3396 827 3455 Ilia
842 3414 983 3474 regno-

163 3491 301 3568 Triginta
315 3510 440 3570 magnos
454 3491 611 3550 volvendis
625 3490 778 3564 mensibus
792 3489 880 3547 orbes
976 3490 980 3498 '

164 3584 295 3660 Imperio
311 3585 451 3660 explebit,
467 3602 651 3661 regnumque
665 3584 704 3641 ab
719 3583 790 3642 sede
805 3579 910 3641 Lavini

163 3678 343 3751 Transieret,
358 3689 389 3738 et
402 3678 522 3755 longam
536 3677 629 3735 multa
642 3676 671 3734 vi
686 3676 799 3735 muniet
814 3676 931 3734 Albam.

64 3796 68 3803 ·
164 3770 226 3829 Hic
244 3770 306 3848 jam
321 3780 499 3829 tercentum
514 3779 594 3829 totos
608 3768 777 3845 regnabitur
791 3787 889 3827 annos

163 3863 263 3922 Gente
278 3863 333 3922 sub
348 3865 509 3935 Hectorea,
525 3863 623 3921 donec
636 3861 740 3938 regina
753 3862 894 3920 sacerdos

164 3955 263 4014 Marte
277 3955 373 4033 gravis
386 3955 535 4032 geminam
550 3965 636 4031 partu
650 3953 734 4013 dabit
749 3952 805 4013 Ilia
817 3953 940 4030 prolem

164 4047 242 4107 Inde
256 4048 345 4125 lupae
360 4048 441 4107 fulvo
456 4047 579 4107 nutricis
593 4045 723 4124 tegmine
738 4046 832 4105 laetus
1109 4072 1148 4113 nn

164 4140 312 4201 Romulus
326 4139 454 4218 excipiet
466 4149 597 4218 gentem,
611 4148 642 4198 et
657 4137 806 4201 Mavortia
818 4136 930 4199 condet
