2610 4926
162 709 201 767 86
478 721 504 764 ι».
523 719 657 763 vraorrrr
678 719 821 763 unaours

163 869 276 927 Rursus
291 865 321 926 in
336 864 491 943 obliquum
505 884 591 925 verso
604 863 766 942 perrumpit
779 874 886 938 aratro,

163 962 348 1037 Exercetque
363 959 501 1035 frequens
515 958 659 1030 tellurem,
674 968 764 1033 atque
778 957 903 1034 imperat
915 955 999 1018 arvis.

204 1051 340 1111 Humida
353 1049 479 1110 solstitia
492 1061 582 1127 atque
596 1050 709 1110 hiemes
723 1061 805 1110 orate
819 1068 948 1125 serenas,

163 1144 320 1220 Agricolae
331 1165 341 1218 ;
360 1143 485 1203 hiberno
499 1141 659 1203 laetissima
673 1143 792 1220 pulvere
807 1143 890 1218 sarra,
1033 1138 1037 1145 '

163 1238 274 1296 Laetus
288 1255 374 1313 ager:
394 1237 477 1296 nullo
491 1246 606 1296 tantum
620 1253 652 1295 se
668 1234 768 1313 Mysia
780 1237 861 1312 cultu

162 1330 262 1406 Jactat
275 1339 306 1389 et
320 1329 385 1406 ipsa
399 1347 467 1389 suas
481 1328 623 1387 mirantur
636 1329 768 1404 Gargara
781 1330 901 1390 messes

164 1421 246 1497 Quid
260 1420 367 1494 dicam,
379 1420 461 1499 jacto
475 1421 527 1496 qui
541 1419 654 1481 semine
666 1419 834 1482 comminus
847 1441 918 1483 arva

165 1513 334 1590 Insequitur
347 1514 542 1590 cumulosque
556 1513 613 1573 ruit
627 1514 705 1574 male
719 1513 836 1591 pinguis
850 1533 966 1588 arenae,
991 1519 994 1524 ’

165 1605 284 1666 Deinde
298 1605 369 1665 satis
382 1605 505 1667 fluvium
519 1606 634 1667 inducit
646 1605 784 1684 rivosque
799 1619 967 1685 sequentes,

166 1701 213 1771 Et,
224 1717 320 1775 quum
335 1709 456 1758 exustus
471 1717 540 1775 ager
553 1698 749 1760 morientibus
763 1711 878 1761 aestuat
892 1699 1002 1775 herbis,

165 1793 244 1851 Ecce
259 1790 416 1868 supercilio
431 1790 535 1852 clivosi
551 1791 674 1852 tramitis
688 1793 799 1853 undam

165 1883 273 1943 Elicit?
293 1884 344 1943 illa
358 1883 470 1944 cadens
485 1903 605 1945 raucum
619 1905 673 1963 per
686 1886 763 1946 levia
776 1905 907 1947 murmur

164 1978 241 2037 Saxa
255 1976 322 2051 ciet,
338 1977 543 2054 scatebrisque
557 1978 669 2038 arentia
682 1989 827 2056 temperat
839 1999 916 2040 arva.

165 2070 256 2145 Quid,
271 2070 332 2148 qui,
347 2089 385 2131 ne
399 2070 527 2149 gravidis
541 2073 716 2149 procumbat
729 2073 844 2134 culmus
858 2072 966 2147 aristis,

166 2165 324 2224 Luxuriem
338 2176 472 2241 segetum
487 2175 589 2225 tenera
602 2165 736 2242 depascit
750 2165 781 2226 in
794 2167 896 2240 herba,

165 2258 265 2332 Quum
280 2258 406 2334 primurn
423 2259 524 2318 sulcos
538 2270 669 2335 aequant
683 2262 765 2318 sata?
786 2259 897 2335 quique
909 2256 1027 2337 paludis

165 2351 334 2411 Collectum
349 2351 502 2411 humorem
517 2351 619 2411 bibula
633 2352 753 2412 deducit
767 2372 864 2425 arena,

166 2443 343 2502 Praesertim
359 2443 477 2504 incertis
492 2444 516 2503 si
531 2441 683 2504 mensibus
698 2446 793 2504 amnis
807 2445 963 2506 abundans
1040 2460 1051 2479 ·
1106 2473 1144 2512 ns

167 2535 244 2609 Exit,
261 2547 291 2596 et
305 2536 438 2596 obducto
452 2537 510 2596 late
526 2548 607 2598 tenet
621 2538 722 2598 omnia
735 2539 816 2612 limo,

167 2630 258 2690 Unde
274 2649 364 2690 cavae
380 2630 482 2707 tepido
496 2632 604 2690 sudant
618 2632 741 2691 humore
757 2633 900 2693 lacunae?

203 2725 269 2783 Nec
277 2734 385 2796 tamen,
394 2724 635 2814 haecquumsint
646 2724 859 2801 hominumque
867 2727 1018 2803 boumque
1026 2724 1144 2786 labores

165 2816 322 2876 Versando
337 2827 442 2876 terram
458 2818 580 2895 experti,
596 2817 668 2876 nihil
689 2817 840 2894 improbus
854 2837 942 2878 anser

168 2910 413 2987 Strymoniaeque
426 2928 511 2986 grues
526 2922 555 2970 et
569 2910 676 2970 amaris
691 2911 795 2971 intuba
808 2911 889 2970 tibris
1108 2939 1146 2969 ιω

166 3002 310 3065 Officiunt
323 3014 374 3063 aut
388 3004 492 3063 umbra
506 3014 602 3063 nocet
647 3005 734 3063 Pater
748 3003 810 3080 ipse
825 3003 944 3063 colendi

167 3096 260 3155 Haud
275 3095 391 3155 facilem
406 3115 471 3155 esse
487 3095 565 3155 viam
579 3095 680 3170 voluit,
697 3097 868 3173 primusque
883 3116 936 3174 per
949 3107 1043 3158 artem

167 3188 265 3248 Movit
279 3207 373 3265 agros,
389 3189 467 3248 curis
481 3208 590 3249 acuens
604 3190 739 3249 mortalia
753 3191 852 3263 corda,

167 3283 232 3341 Nec
247 3292 363 3359 torpere
377 3283 458 3359 gravi
473 3302 579 3359 passus
593 3302 647 3342 sua
660 3302 751 3360 regna
764 3294 892 3344 veterno.

166 3376 247 3433 Ante
261 3376 368 3450 Jovem
384 3376 455 3434 nulli
471 3376 647 3453 subigebant
661 3396 730 3435 arva
743 3378 842 3436 coloni
854 3399 863 3452 ;

167 3469 214 3526 Ne
230 3466 344 3544 signare
359 3468 481 3544 quidem
495 3481 546 3528 aut
559 3469 660 3546 partiri
674 3469 766 3529 limite
781 3488 920 3548 campum

167 3561 226 3618 Fas
237 3561 321 3619 erat:
342 3559 372 3618 in
388 3562 519 3621 medium
535 3563 723 3638 quaerebant,
740 3562 863 3638 ipsaque
878 3563 966 3624 tellus

167 3652 277 3712 Omnia
292 3654 420 3728 liberius,
437 3655 519 3714 nullo
533 3665 684 3732 poscente,
700 3655 820 3713 serebat.

168 3746 223 3804 lile
238 3747 347 3806 malum
364 3747 441 3807 virus
456 3746 642 3824 serpentibus
657 3746 773 3806 addidit
787 3746 867 3820 atris,

168 3839 365 3916 Praedarique
380 3841 467 3917 lupos
479 3840 574 3918 jussit,
589 3849 774 3915 pontumque
788 3842 909 3915 moveri,
1108 3873 1147 3912 ῳ

168 3932 321 4009 Mellaque
336 3931 466 3992 decussit
480 3931 566 4004 soliis,
583 3931 741 4008 ignemque
756 3934 890 4012 removit,

169 4025 207 4083 Et
221 4026 332 4101 passim
349 4023 419 4082 rivis
434 4023 579 4083 currentia
593 4025 662 4083 vina
676 4026 820 4101 repressit,

168 4119 212 4178 Ut
226 4118 320 4176 varias
334 4135 406 4176 usus
420 4115 594 4178 meditando
608 4119 875 4181 extunderet-artes
