2610 4926
475 672 658 719 ottovmcott
679 675 737 719 ΗΒ.
757 675 777 718 1.

175 819 308 881 Deumlion
321 836 450 879 vacuum
464 817 580 897 lapides
590 818 713 898 jactavit
727 818 758 878 in
773 820 885 895 orbem,

174 915 243 974 Unde
253 913 382 973 homines
396 912 471 985 nati,
486 912 592 972 durum
605 931 706 989 genus
750 914 829 990 Ergo
843 932 906 990 age,
922 923 1016 976 terrae

175 1005 259 1083 Pingue
270 1007 363 1066 solum
376 1003 481 1082 primis
495 1006 646 1082 extemplo
659 1025 678 1064 a
691 1005 843 1065 mensibus
857 1006 927 1067 anni

175 1098 251 1159 Fortes
261 1099 404 1160 invertant
418 1095 503 1170 tauri,
517 1096 698 1174 glaebasque
709 1098 843 1176 jacentes

176 1191 348 1253 Pulvemlenta
361 1201 474 1268 coquat
487 1189 609 1249 maturis
624 1189 737 1250 solibus
750 1201 846 1251 aestas
856 1213 866 1266 ;

175 1284 203 1342 At
213 1285 231 1343 si
241 1305 295 1345 non
307 1285 395 1345 fuerit
409 1272 498 1344 tellus
511 1283 647 1355 secunda,
663 1284 719 1342 sub
732 1282 830 1375 ipsum

175 1376 298 1437 Arcturum
309 1377 392 1439 tenui
406 1389 452 1437 sat
466 1376 520 1437 erit
533 1376 714 1453 suspendere
729 1377 813 1437 sulco
825 1399 831 1437 :

176 1468 229 1543 lllir,
240 1471 366 1531 officiant
379 1471 467 1530 laetis
480 1488 519 1529 ne
531 1469 663 1547 frugibus
677 1469 795 1542 herbae,

175 1561 225 1635 llic,
236 1566 357 1624 sterilem
371 1564 495 1640 exiguus
508 1583 547 1623 ne
561 1563 679 1623 deserat
692 1562 800 1622 humor
813 1581 939 1625 arenam.
1095 1593 1121 1632 70

201 1657 310 1717 Alternis
324 1657 406 1717 idem
421 1667 523 1716 tonsas
536 1675 651 1717 cessare
664 1655 795 1730 novales,

174 1746 201 1805 Et
210 1766 316 1827 segnem
330 1749 443 1827 patiere
458 1748 514 1809 situ
529 1750 684 1810 durescere
699 1767 856 1826 campum;

170 1841 215 1899 Aut
225 1842 260 1902 ibi
273 1843 350 1903 flava
364 1861 443 1902 seres
457 1853 571 1902 mutato
585 1843 680 1902 sidere
695 1843 778 1914 sarra,

172 1932 238 1995 Unde
251 1936 328 2012 prius
342 1935 453 1995 laetum
468 1934 574 2013 siliqua
587 1944 745 2012 quassante
760 1935 898 2011 legumen

171 2027 215 2086 Ant
226 2029 315 2088 tenuis
330 2029 407 2088 fetus
421 2028 514 2087 viciae
529 2028 679 2104 tristisque
694 2026 788 2104 lupini
1094 2050 1120 2092 vs

170 2117 300 2182 Sustuleris
313 2121 433 2200 fragiles
447 2120 577 2180 calamos
592 2120 754 2197 silvamque
769 2128 933 2181 sonantem.
1025 2114 1028 2120 ’

169 2211 219 2272 Urit
229 2215 305 2274 enim
319 2214 373 2274 lini
386 2232 525 2291 campum
541 2232 634 2290 seges,
650 2213 707 2273 urit
721 2232 841 2287 avenae,

168 2302 245 2366 Urunt
259 2308 392 2367 Lethaeo
407 2308 524 2384 perfusa
538 2325 687 2383 papavera
701 2325 827 2366 somno:

166 2397 210 2457 Sed
222 2402 315 2460 tamen
331 2400 452 2460 alternis
465 2399 559 2459 facilis
574 2401 677 2474 labor;
697 2399 778 2458 arida
792 2409 907 2459 tantum

167 2489 203 2550 Ne
213 2505 334 2553 saturare
348 2495 420 2552 fimo
435 2493 536 2570 pingui
551 2494 662 2569 pudeat
676 2494 747 2565 sola,
763 2511 839 2553 neve

166 2582 259 2645 unetos
271 2588 402 2646 cinerem
416 2586 601 2644 immundum
612 2587 724 2664 jactare
739 2605 792 2662 per
805 2606 899 2662 agros

163 2675 202 2736 stc
213 2697 328 2756 quoque
341 2679 461 2738 mutatis
475 2679 661 2755 requiescunt
676 2679 782 2739 fetibus
796 2699 874 2753 arva,

163 2768 216 2829 Nec
227 2773 305 2831 nulla
319 2771 433 2831 interea
447 2782 492 2830 est
505 2772 635 2831 inaratae
650 2772 742 2849 gratia
756 2784 859 2832 terrae.

163 2861 244 2940 Saepe
257 2865 346 2924 etiam
360 2863 475 2924 steriles
490 2865 648 2924 incendere
663 2865 772 2941 profuit
784 2884 868 2941 agros

161 2955 244 3033 rltque
257 2958 354 3017 levem
368 2957 506 3034 stipulam
520 2958 732 3034 crepitantibus
746 2978 829 3017 urere
843 2955 992 3017 flammis:
1097 2973 1122 3022 ts

162 3047 218 3108 Sive
231 3049 299 3110 inde
314 3051 448 3110 occultas
461 3049 538 3110 vires
552 3061 583 3110 et
597 3051 706 3128 pabula
720 3060 814 3109 terrae

161 3139 271 3218 Pinguia
285 3142 478 3220 concipiunt3
498 3143 560 3202 sive
575 3142 632 3201 iUis
646 3161 735 3202 omne
751 3162 803 3219 per
817 3143 917 3219 ignem

163 3231 328 3311 Ercoquitur
340 3234 454 3308 vitium,
470 3245 559 3311 atque
574 3236 700 3295 exsudat
714 3235 825 3293 inutilis
840 3236 966 3310 humor3

159 3323 211 3384 Seu
224 3328 320 3404 plures
334 3329 417 3387 calor
430 3327 479 3387 ille
492 3329 555 3387 vias
570 3338 601 3387 et
614 3347 704 3387 caeca
719 3328 829 3387 relaxat

163 3416 343 3494 spiramenta,
360 3439 453 3480 novas
467 3421 567 3480 veniat
581 3440 640 3497 qua
654 3440 741 3481 sucus
757 3422 786 3480 in
802 3421 927 3495 herbas3
1097 3447 1124 3486 φ

162 3508 209 3568 Seu
222 3513 303 3572 durat
316 3514 420 3590 magis,
436 3525 466 3573 et
479 3533 570 3574 venas
584 3513 740 3590 adstringit
754 3514 879 3586 hiantes,
1045 3505 1049 3512 ’

163 3600 201 3662 Ne
214 3614 313 3666 tenues
327 3607 456 3684 pluviae,
472 3608 604 3683 rapidive
619 3607 754 3683 potentia
767 3607 838 3666 solis

164 3696 261 3770 Acrior,
277 3712 327 3758 aut
343 3701 455 3759 Boreae
470 3700 652 3776 penetrabile
667 3700 757 3776 frigus
771 3700 882 3759 adurat

195 3790 316 3851 Multum
331 3792 418 3864 adeo,
433 3792 532 3851 rastris
547 3793 668 3868 glaebas
683 3793 734 3868 qui
749 3792 856 3869 frangit
870 3792 980 3853 inertes

161 3878 359 3961 Virnineasque
374 3885 463 3957 trahit
477 3896 581 3958 crates,
594 3886 678 3964 juvat
691 3905 779 3959 arva3
798 3904 896 3963 neque
910 3886 993 3946 illum
1098 3914 1124 3953 95

161 3970 239 4035 Flava
253 3979 345 4039 Ceres
361 3979 422 4037 alto
437 3979 641 4054 nequidquam
657 3989 770 4055 spectat
784 3979 935 4056 Olymp03

160 4066 192 4126 Et
205 4071 259 4145 qui,
275 4070 426 4149 proscisso
440 4090 518 4148 quae
532 4071 655 4132 suscitat
668 4091 796 4149 aequore
812 4084 901 4148 terga,
