2610 4926
166 770 221 811 122
478 766 503 809 Ρ.
525 764 658 808 VIRGILH
680 764 823 809 HAROlllS

137 922 141 929 '
162 912 238 972 Bina
252 932 341 971 manu
356 912 417 971 lato
432 910 564 988 crispans
578 910 696 971 hastilia
709 913 793 971 ferro.

163 1005 220 1066 Cui
235 1016 329 1065 mater
343 1004 441 1064 media
455 1024 521 1064 sese
536 1004 602 1064 tulit
615 1004 705 1063 obvia
719 1004 801 1077 silva,

162 1097 292 1174 Virginis
306 1117 342 1157 os
357 1097 550 1173 habitumque
564 1116 670 1175 gerens
685 1109 715 1157 et
729 1096 849 1174 virginis
862 1114 952 1170 arma,
1106 1120 1145 1166 ,ις
1168 1140 1188 1171 .

162 1196 333 1271 Spartanae,
349 1194 396 1252 vel
412 1193 506 1269 qualis
521 1212 615 1269 equos
628 1192 769 1252 Threissa
783 1192 886 1270 fatigat

163 1286 334 1364 Harpalyce
349 1287 558 1362 volucremque
573 1286 642 1362 fuga
656 1284 849 1362 praevertitur
864 1286 1011 1345 Hebrum.

164 1381 302 1455 Namque
318 1378 446 1438 humeris
461 1379 499 1437 de
514 1397 596 1437 more
610 1378 741 1438 habilem
756 1378 953 1455 suspenderat
966 1396 1070 1438 arcum

163 1471 315 1545 Venatrix,
331 1472 512 1547 dederatque
527 1490 645 1531 comam
660 1470 825 1531 diffundere
840 1470 945 1545 ventis,

164 1566 255 1624 Nuda
268 1584 355 1641 genu,
372 1564 513 1640 nodoque
528 1564 609 1623 sinus
623 1565 751 1624 collecta
765 1565 898 1625 fluentes.
1106 1592 1146 1633 μ

164 1661 210 1717 Ac
225 1656 311 1733 prior,
330 1660 424 1729 Heus,
441 1657 545 1734 inquit,
559 1658 692 1736 juvenes,
708 1668 880 1732 monstrate,
895 1674 1029 1718 mearum

163 1749 288 1810 Vidistis
303 1750 326 1808 si
342 1770 432 1826 quam
447 1750 495 1810 hic
510 1763 656 1810 errantem
670 1753 745 1811 sorte
760 1770 902 1825 sororum,

66 1876 72 1887 ·
164 1843 350 1904 Succinctam
366 1844 502 1920 pharetra
516 1854 547 1903 et
561 1844 730 1904 maculosae
744 1844 874 1922 tegmine
888 1842 992 1921 lyncis,
1065 1858 1068 1863 '

164 1939 225 1995 Aut
239 1937 401 2013 spumantis
416 1936 478 2014 apri
492 1956 610 1996 cursum
626 1938 755 1997 clamore
770 1949 961 2014 prementem.

206 2029 255 2089 Sic
269 2031 372 2089 Venus
384 2051 392 2102 ;
412 2042 442 2090 et
456 2030 582 2090 Veneris
596 2043 701 2091 contra
714 2029 757 2090 sic
771 2031 848 2090 filius
862 2048 963 2090 orsus:
1106 2054 1143 2096 μς

166 2123 257 2182 Nulla
271 2134 385 2182 tuarum
401 2123 503 2183 audita
516 2124 589 2182 mihi
604 2143 701 2200 neque
716 2123 779 2183 visa
792 2140 934 2195 sororum,

166 2217 244 2277 0-
254 2235 342 2292 quam
358 2228 388 2275 te
403 2236 574 2289 memorem,
590 2217 693 2294 virgo?
713 2236 842 2293 namque
856 2216 936 2275 haud
951 2213 1005 2275 tibi
1019 2214 1118 2275 vultus

166 2309 310 2381 Mortalis
328 2329 383 2368 nec
398 2329 456 2367 vox
472 2309 624 2368 hominem
640 2321 744 2369 sonat:
766 2330 793 2383 o,
810 2311 867 2368 dea
880 2319 979 2381 certe;

166 2405 214 2461 An
232 2402 346 2461 Phoebi
362 2406 465 2461 soror?
487 2422 524 2461 an
542 2404 746 2479 Nympharum
762 2401 911 2478 sanguinis
926 2403 1007 2461 una?

166 2494 211 2554 Sis
225 2494 302 2566 felix,
319 2507 511 2571 nostrumque
526 2498 613 2563 leves,
630 2515 844 2571 quaecumque,
862 2496 1003 2567 laborem,
1108 2521 1145 2561 ³³⁰

167 2590 213 2660 Et,
230 2607 290 2663 quo
306 2590 361 2647 sub
377 2590 463 2648 coelo
479 2591 607 2660 tandem,
621 2589 728 2664 quibus
743 2588 824 2646 orbis
840 2587 868 2645 in
884 2587 942 2646 oris
963 2603 968 2612 ·

166 2682 326 2756 Jactemur,
343 2682 471 2740 doceas:
494 2682 584 2758 ignari
600 2681 813 2756 hominumque
828 2681 1021 2757 locorumque

168 2776 314 2846 Erramus,
331 2787 421 2833 vento
436 2775 493 2833 huc
508 2775 597 2832 vastis
612 2785 641 2832 et
656 2774 792 2833 fiuctibus
808 2773 884 2832 acti:

168 2868 266 2925 Multa
281 2867 334 2925 tibi
350 2880 417 2926 ante
433 2887 497 2926 aras
513 2879 613 2925 nostra
628 2868 715 2925 cadet
730 2867 826 2925 hostia
841 2867 951 2926 dextra

206 2962 286 3018 Tum
302 2962 423 3041 Venus:
446 2961 537 3018 Haud
553 2960 691 3035 equidem
707 2960 758 3018 tali
774 2980 820 3018 me
837 2960 942 3036 dignor
956 2959 1092 3033 honore;
1110 2986 1147 3026 333

167 3052 338 3130 Virginibus
353 3053 449 3129 'l‘yriis
465 3072 529 3111 mos
545 3064 589 3111 est
603 3064 716 3128 gestare
731 3053 907 3129 pharetram,

168 3149 379 3222 Purpureoque
395 3148 453 3204 alte
469 3165 550 3204 suras
565 3146 674 3204 vincire
690 3148 844 3204 cothurno.

170 3240 282 3298 Punica
298 3259 388 3315 regna
403 3239 492 3310 videa,
509 3239 614 3315 'l‘yrios
629 3251 658 3297 ct
674 3237 820 3314 Agenoris
835 3238 958 3313 urbem3

168 3332 226 3390 Sed
242 3333 315 3390 fines
332 3331 443 3408 Libyci,
459 3351 552 3407 genus
568 3331 750 3390 intractabile
766 3332 853 3390 bello.

169 3424 331 3500 Imperium
349 3425 429 3482 llido
445 3425 533 3500 'l‘yria
548 3425 619 3500 regit
635 3425 706 3482 urbe
722 3425 862 3499 prolecta,

168 3519 351 3577 Germanum
366 3517 488 3592 fugiens.
534 3520 637 3593 Longa
653 3528 697 3575 est
712 3517 825 3592 injuria,
842 3518 947 3593 longae

169 3611 340 3685 Ambages;
362 3611 412 3668 sed
430 3629 545 3668 summa
560 3630 666 3685 sequar
680 3610 794 3686 fastigia
809 3629 911 3669 rerum.

170 3703 252 3762 Huic
267 3705 376 3778 conjux
393 3704 542 3778 Sychaeus
557 3716 626 3773 erat,
643 3702 803 3761 ditissimus
818 3703 876 3778 agri

169 3796 363 3867 Phoenicum,
380 3806 410 3854 et
425 3815 532 3871 magno
547 3796 670 3854 miserae
686 3795 810 3854 dilectus
825 3814 933 3866 amore,

168 3889 226 3951 Cui
242 3900 325 3965 pater
340 3888 479 3947 intactam
496 3889 626 3959 dederat,
644 3888 802 3964 primisque
815 3891 931 3965 iugarat
1112 3918 1149 3957 μς

168 3981 336 4043 Ominibus.
380 3982 438 4040 Sed
454 4000 542 4057 regna
557 3981 626 4057 Tyri
641 4000 797 4057 gerihanus
813 3983 942 4039 habebat

169 4074 353 4152 Pygmalion,
370 4076 479 4132 scelere
495 4087 563 4132 ante
579 4073 651 4132 alios
667 4074 822 4131 immanior
836 4092 947 4131 omnes

169 4169 255 4243 Quos
271 4167 346 4227 inter
361 4166 476 4226 medius
491 4166 572 4226 venit
586 4167 671 4226 furor.
717 4168 771 4226 Ille
789 4166 954 4243 Sychaeum
