2610 4926
417 671 627 717 usuarium.
650 671 708 715 un
731 671 758 715 V.

108 819 221 881 Excutit
234 820 364 880 obscura
377 816 485 879 ductas
499 817 644 895 sermgiue
657 816 800 891 habenas,

107 915 217 990 Perque
231 914 314 973 lacus
328 912 406 972 altos
418 923 450 972 et
464 911 576 993 olentia
589 912 697 971 sulfure
712 912 801 971 fertur

106 1009 212 1084 Stagna
225 1005 403 1078 Palicorum,
419 1015 506 1082 rupta
519 1003 663 1064 ferventia
676 1015 761 1077 terra,

107 1101 144 1159 Et
156 1119 216 1176 qua
229 1098 425 1171 Bacchiadae,
440 1097 546 1158 bimari
560 1116 633 1175 gens
647 1108 713 1156 orta
727 1095 883 1169 Corintho,

108 1195 186 1252 Inter
199 1192 372 1268 inaequales
385 1202 548 1268 posuerunt
562 1189 682 1250 moenia
695 1201 805 1267 portus

146 1287 202 1345 Fst'
211 1285 344 1344 medium
356 1286 474 1362 Cyanes
489 1296 519 1344 et
534 1284 656 1343 Pisaeae
671 1283 846 1355 Arethusae,

108 1379 194 1455 Quod
208 1377 271 1437 coit
285 1377 417 1454 angustis
431 1378 578 1437 inclusum
593 1375 741 1449 cornibus,
756 1394 886 1451 aequor:

108 1472 166 1531 Hic
179 1471 243 1544 fuit,
259 1472 377 1546 a'cujus
391 1481 528 1547 stagnum
542 1488 662 1546 quoque
677 1469 798 1528 nomine
813 1469 927 1528 dictum
941 1476 995 1542 est,

109 1566 187 1624 luter
200 1563 347 1625 Sicelidas
362 1564 464 1640 Cyane
477 1561 670 1623 celeberrima
684 1562 848 1640 Nymphas.

108 1657 227 1735 Gurgite
242 1675 321 1734 quae
335 1656 436 1717 medio
449 1674 566 1716 summa
579 1667 665 1715 tenus
679 1655 790 1715 exstitit
803 1655 881 1728 alvo,

108 1750 298 1828 Agnovitque
313 1750 410 1822 dmm,
426 1752 492 1810 Nec
506 1744 623 1825 longius
636 1747 736 1808 ibitis:
756 1747 861 1824 inquit,

108 1845 176 1903 Non
191 1854 279 1920 potes
292 1841 402 1902 invitae
416 1827 638 1919 Cereris'geuer
651 1860 736 1901 esse:
757 1839 898 1917 roganda,

109 1938 177 1996 Non
193 1934 339 2013 rapienda
352 1934 413 1994 suit
457 1935 548 2010 Quod
562 1934 587 1994 si
601 1952 784 2010 componere
797 1933 913 2011 maguis

108 2031 201 2089 Parva
213 2028 287 2088 mihi
301 2029 346 2087 las
359 2039 412 2101 est,
428 2039 459 2088 et
472 2046 521 2088 me
534 2027 638 2088 dilexit
651 2026 786 2104 Anapis3

108 2125 238 2182 Exorata
251 2133 353 2182 tamen
367 2140 432 2195 nec,
447 2132 480 2182 ut
494 2122 578 2194 haec,
593 2119 731 2181 exterrita
744 2118 841 2198 nupsi.

109 2216 199 2289 Dixit,
213 2214 290 2276 etin
304 2225 403 2292 partes
416 2215 547 2275 diversas
560 2210 682 2274 brachia
695 2215 823 2274 tendens

109 2309 238 2370 Obstitit
282 2308 377 2367 Haud
392 2309 467 2367 ultra
480 2307 575 2367 tenuit
589 2306 742 2367 Saturnius
757 2307 838 2380 iram,

109 2402 326 2478 Terribilesque
341 2402 473 2460 hortatus
487 2419 590 2477 equos,
603 2400 633 2459 in
647 2400 768 2477 gurgitis
783 2399 844 2459 ima

110 2497 286 2556 Contortum
301 2494 403 2553 valido
416 2505 564 2571 sceptrum
579 2495 677 2570 regale
692 2496 804 2554 lacerto

111 2588 270 2649 Condidit:
293 2587 352 2646 icta
365 2586 444 2647 viam
459 2588 545 2647 tellus
560 2586 591 2645 iu
604 2588 728 2646 Tartara
742 2586 819 2659 fecit,

112 2683 148 2740 Et
162 2700 272 2758 pronos
287 2699 388 2740 currus
402 2680 502 2740 medio
516 2691 628 2738 cratere
642 2679 762 2758 recepit

112 2778 151 2833 At
165 2776 276 2851 Cyane,
293 2784 467 2849 raptamque
482 2773 569 2832 deam
584 2782 795 2848 contemtaque
810 2770 901 2831 fontis

112 2868 180 2942 Jura
194 2867 239 2926 sui
255 2884 398 2937 maerens,
414 2865 628 2925 inconsolabile
642 2866 749 2927 vulnus

114 2961 214 3019 hlente
228 2958 304 3037 gerit
319 2958 416 3031 tacita,
432 2957 619 3034 lacrimisque
634 2957 797 3017 absumitur
810 2955 917 3029 omnis,

114 3054 158 3124 Et,
173 3071 297 3128 quarum
312 3053 405 3110 suerat
420 3070 560 3128 magnum
574 3052 666 3110 modo
681 3069 801 3122 numen,
818 3049 848 3107 in
864 3050 928 3108 illas

115 3147 296 3205 Extenuatur
309 3163 408 3220 aquas
453 3143 564 3203 Molliri
578 3145 713 3203 membra
727 3142 853 3215 videres,

114 3239 189 3298 Ossa
202 3237 264 3315 pati
278 3238 381 3310 flexus,
396 3256 512 3314 ungues
526 3236 660 3313 posuisse
674 3236 800 3313 rigorem
812 3256 820 3307 ;

115 3333 269 3408 Primaque
283 3331 322 3390 de
337 3341 399 3390 tota
414 3330 586 3390 tenuissima
599 3348 736 3406 quaeque
751 3329 928 3405 liquescunt,

115 3424 249 3485 Caerulei
263 3422 360 3482 crines
375 3423 518 3500 digitique
532 3433 562 3481 et
577 3441 661 3482 crura
675 3423 846 3497 pedesque:

116 3518 193 3575 Nam
207 3517 304 3576 brevis
319 3516 349 3574 in
364 3517 476 3593 gelidas
491 3515 632 3575 membris
647 3515 772 3575 exilibus
787 3515 883 3575 undas

116 3588 268 3668 Transitus
282 3614 335 3669 est'
380 3611 451 3668 Post
466 3610 540 3668 haec
555 3608 670 3666 humeri
684 3618 860 3684 tergumque
875 3607 1011 3682 latusque

118 3704 301 3778 Pectoraque
316 3701 347 3760 iu
362 3714 465 3761 tenues
481 3702 592 3760 abeunt
606 3700 733 3759 evanida
746 3700 844 3772 rivos3
1055 3724 1092 3763 us

118 3795 253 3871 Denique
268 3814 323 3871 pro
337 3794 406 3854 vivo
420 3793 537 3853 vitiatas
551 3793 695 3870 sanguine
709 3811 801 3851 venas

117 3889 252 3967 Lympha
266 3888 355 3958 subit,
371 3899 520 3963 restatque
536 3886 608 3944 nihil
624 3885 704 3961 quod
720 3885 864 3961 prendere
878 3881 981 3960 possis

158 3984 275 4041 Interea
288 3981 416 4058 pavidae
430 3978 629 4056 nequicquam
644 3978 704 4036 tilia
717 3976 803 4035 matri

116 4074 265 4136 Omnibus
278 4085 324 4135 est
338 4073 430 4147 terris,
446 4072 528 4133 omni
543 4070 678 4150 quaesita
690 4070 846 4148 profundo.
