2610 4926
490 669 673 714 GEORGICON
694 668 753 714 tta.
772 669 792 712 1.

182 816 312 890 Paulatim,
326 825 356 877 et
368 813 461 876 sulcis
475 814 614 875 frumenti
628 823 782 891 quaereret
796 811 929 889 herbam,
954 855 958 876 .

180 909 213 970 Ut
224 910 304 970 silicis
316 908 399 970 venis
411 910 580 969 abstmsum
594 909 754 968 excuderet
768 908 875 984 ignem

177 1003 247 1064 'lunc
259 1005 339 1063 alnos
352 1001 483 1080 primum
497 1000 577 1061 fluuii
592 1018 710 1060 sensere
724 1010 864 1073 cavatas;

175 1096 266 1156 Navita
278 1107 339 1156 tum
354 1094 450 1155 stellis
464 1112 604 1153 numeros
618 1104 648 1154 et
664 1093 788 1153 nomina
801 1092 880 1166 fecit,

172 1189 298 1263 Pleiadas,
315 1189 450 1266 Hyadas,
466 1187 635 1263 claramque
650 1186 798 1263 Lycaonis
814 1189 950 1261 Arcton;

171 1282 235 1342 Tum
247 1281 360 1359 laqueis
387 1266 513 1366 captare
522 1279 606 1352 seras,
623 1290 653 1339 et
666 1280 767 1339 fallere
781 1278 864 1339 visco

168 1376 323 1448 Inventum,
339 1383 371 1434 et
383 1390 509 1451 magnos
522 1372 646 1432 carmus
660 1372 843 1433 circumdare
857 1371 957 1432 saltus

167 1471 256 1545 Atque
269 1467 344 1527 alius
358 1468 452 1527 latum
466 1466 558 1525 sunda
569 1467 632 1541 jam
645 1466 780 1525 verberat
793 1483 923 1538 amnem,

165 1562 228 1621 Alta
240 1572 355 1638 petens,
371 1560 537 1636 pelagoque
551 1558 625 1617 alius
639 1557 728 1617 trahit
741 1556 865 1617 humida
878 1557 948 1615 lina.

163 1654 233 1713 ‘lum
245 1652 313 1712 lerri
327 1652 406 1729 rigor
420 1661 510 1727 atque
523 1660 643 1727 argutae
657 1648 767 1710 lamina
781 1668 887 1723 serrae,
896 1682 937 1692 -

163 1748 235 1806 Nam
248 1745 337 1824 primi
352 1743 455 1804 cuneis
468 1742 645 1804 scindebant
658 1743 749 1802 fissile
763 1742 877 1820 lignum
886 1774 927 1784 —

161 1840 233 1898 Turn
246 1837 346 1898 variae
360 1856 469 1896 venere
483 1846 568 1896 artes
611 1837 712 1895 Labor
725 1834 826 1895 omnia
840 1832 911 1893 vicit

161 1932 306 2009 Inprobus
318 1940 352 1990 et
365 1929 445 1991 duris
459 1947 588 2007 urguens
602 1927 632 1988 in
648 1930 736 1988 rebus
750 1936 875 2004 egestas.

160 2026 256 2084 Prima
270 2025 363 2085 Ceres
377 2023 455 2082 ferro
469 2022 610 2081 mortales
623 2032 737 2081 vertere
752 2033 858 2080 terram

160 2116 298 2191 Instituit,
313 2135 407 2194 quum
418 2117 482 2192 jam
495 2114 620 2191 glandes
634 2125 723 2191 atque
737 2114 842 2174 arbuta
855 2129 957 2173 sacrae

161 2210 329 2270 Deficereut
343 2208 434 2268 silvae
449 2218 479 2267 et
492 2207 602 2267 victum
619 2208 751 2267 Dodona
764 2216 892 2283 negaret

162 2304 234 2361 Mox
248 2313 278 2361 et
292 2299 447 2361 strumentis
460 2301 545 2360 labor
559 2299 686 2387 additus,
702 2310 735 2359 ut
749 2300 828 2358 mala
841 2299 956 2359 culmos

162 2397 246 2455 Faset
259 2394 364 2471 robigo
379 2393 536 2471 segnisque
550 2394 683 2452 horreret
697 2392 727 2450 in
742 2393 818 2452 arvis

163 2489 315 2562 Carduus,
336 2487 484 2546 intereunt
498 2496 621 2563 segetes,
636 2485 715 2545 subit
729 2505 833 2562 aspera
847 2485 929 2560 silva,

164 2582 342 2660 Lappaeque
356 2579 524 2655 tribulique,
540 2579 675 2655 interque
689 2578 813 2639 nitentia
827 2580 907 2639 culta

164 2674 268 2734 luselix
281 2674 384 2733 lolium
399 2684 429 2733 et
443 2672 556 2733 steriles
570 2671 760 2732 dominantur
773 2690 893 2732 avenae.

165 2768 251 2840 Quod
265 2766 322 2826 nisi
337 2775 367 2825 et
381 2765 506 2825 assiduis
520 2766 642 2825 herbam
657 2765 841 2829 insectabere
856 2763 966 2840 rastris,

166 2861 202 2918 Et
216 2859 314 2919 sonitu
329 2859 451 2918 terrebis
466 2878 544 2932 aves,
560 2869 589 2918 et
603 2858 675 2917 nuris
690 2859 776 2935 opaci

167 2953 251 3011 Falce
265 2971 384 3029 premes
398 2952 541 3024 umbram,
557 2950 692 3027 votisque
707 2951 859 3011 vocaveris
874 2951 1007 3025 imbrem,
1050 2992 1054 3001 ·

167 3046 242 3118 Heu,
257 3064 398 3122 magnum
414 3044 534 3104 alterius
549 3045 653 3103 lrustra
667 3045 816 3121 spectabis
831 3063 977 3117 acervum,

166 3140 377 3214 Concussaque
392 3138 496 3196 lamen
505 3137 536 3195 in
551 3136 631 3196 silvis
646 3139 780 3197 solabere
795 3156 913 3213 quercu.

205 3231 372 3290 Dicendum
387 3241 426 3302 et,
442 3249 519 3306 quae
533 3229 592 3289 sint
605 3230 685 3289 duris
700 3229 863 3306 agrestibus
878 3248 967 3303 arma,
1105 3246 1141 3286 ιω

166 3323 239 3398 Quis
253 3323 315 3382 sine
331 3341 387 3381 nec
402 3332 524 3399 potuere
539 3323 595 3382 seri
610 3343 666 3383 nec
681 3342 797 3399 surgere
813 3342 944 3382 messes:

165 3415 269 3475 Vomis
283 3426 313 3475 et
328 3415 427 3474 inflexi
442 3415 567 3492 primum
581 3435 669 3492 grave
684 3417 774 3474 robur
789 3415 882 3489 aratri,

164 3509 321 3584 Tardaque
337 3507 496 3568 Eleusinae
511 3509 613 3568 matris
628 3508 778 3568 volventia
792 3510 931 3584 plaustra,

164 3601 354 3677 Tribulaque,
370 3601 557 3676 traheaeque,
573 3613 602 3661 et
617 3600 719 3678 iniquo
734 3601 866 3677 pondere
881 3599 985 3676 rastri;

164 3693 272 3770 Virgea
285 3704 438 3770 praeterea
452 3695 536 3754 Celei
551 3694 676 3771 vilisque
692 3695 832 3770 supellex,
1106 3711 1142 3761 ιο,

163 3788 315 3847 Arbuteae
329 3799 426 3846 crates
441 3798 471 3845 et
484 3787 610 3869 mystica
624 3806 739 3846 vannus
756 3785 864 3846 Iacchi.

162 3880 276 3941 Omnia
290 3898 367 3956 quae
381 3879 475 3947 multo
490 3890 559 3938 ante
574 3890 687 3938 memor
701 3879 819 3956 provisa
832 3898 968 3957 repones,

163 3973 198 4031 Si
213 3984 241 4031 te
256 3972 347 4049 digna
362 3981 462 4031 manet
476 3971 567 4030 divini
581 3971 675 4048 gloria
687 3973 766 4031 ruris.

161 4065 319 4127 Continuo
334 4064 366 4124 in
380 4064 460 4125 silvis
474 4083 582 4141 magna
594 4064 624 4124 vi
637 4064 715 4125 flexa
730 4066 867 4125 domatur
