2610 4926
232 737 270 794 28
566 750 592 794 ι’.
614 749 715 793 ovmu
736 746 872 793 ursonis

230 896 364 973 Corpore
379 893 529 972 depresso,
545 905 575 956 et
589 894 693 972 spinae
707 892 880 955 curvamina
892 892 971 955 flecti

230 988 348 1066 Incipit
393 987 475 1048 Huic
490 990 635 1066 Lycabas,
651 990 688 1048 In
704 1007 780 1064 quae
798 987 947 1061 miracula,
962 985 1045 1062 dixit,

228 1079 379 1142 Verteris?
400 1092 430 1142 et
445 1081 496 1141 lati
510 1081 599 1141 rictus
614 1092 644 1141 et
657 1082 758 1158 panda
770 1079 905 1157 loquenti

229 1174 317 1234 Naris
332 1185 403 1248 erat,
419 1193 636 1251 squamamque
651 1174 728 1234 cutis
740 1174 846 1234 durata
859 1173 1003 1234 trahebat.
1128 1219 1130 1224 r

228 1269 271 1327 At
285 1267 384 1344 Libys,
400 1269 555 1328 obstantes
568 1267 641 1328 dum
654 1267 718 1327 vult
731 1268 884 1328 obvertere
898 1285 1006 1340 remos,

230 1362 268 1421 In
282 1360 410 1438 spatium
424 1360 535 1421 resilire
550 1379 656 1421 manus
669 1361 759 1420 boeve
773 1359 856 1433 vidit,
871 1370 902 1420 et
915 1359 981 1419 illas
1058 1440 1060 1444 Ι

228 1455 296 1530 Jam
311 1473 373 1514 non
387 1472 453 1514 esse
468 1472 583 1526 manus,
597 1453 658 1529 jam
673 1452 780 1530 pinnas
794 1471 882 1530 posse
895 1451 1004 1512 vocari

230 1547 323 1621 Alter,
340 1547 380 1607 ad
393 1546 519 1607 intortos
533 1546 657 1623 cupiens
671 1547 742 1605 dare
756 1544 877 1606 brachia
890 1545 985 1617 funes,

230 1640 355 1700 Brachia
368 1659 430 1699 non
444 1639 558 1713 habuit,
572 1650 738 1715 truncoque
752 1638 900 1716 repandus
914 1637 945 1697 in
959 1637 1056 1699 undas

230 1735 363 1810 Corpore
379 1732 516 1806 desiluit;
535 1733 643 1792 falcata
656 1730 817 1791 novissima
831 1731 928 1791 cauda
940 1740 994 1806 est,

230 1825 339 1901 Qualia
353 1825 493 1886 dimidiae
502 1824 663 1906 ¹sinuantur
675 1842 787 1885 cornua
799 1825 896 1884 lunae.

230 1919 374 1995 Updique
389 1919 463 1979 dant
477 1919 576 1991 saltus,
592 1909 744 1994 multaque
758 1916 933 1995 adspergine
947 1927 1055 1991 rorant,

231 2013 452 2089 Emerguntque
466 2011 573 2071 iterum
585 2011 770 2087 redeuntque
784 2011 839 2070 sub
854 2029 986 2087 aequora
998 2029 1107 2084 rursus,

231 2106 328 2181 Inque
342 2104 425 2164 chori
440 2105 547 2164 ludunt
560 2103 690 2181 speciem
705 2102 873 2180 lascivaque
886 2105 1001 2180 jactant

230 2199 375 2275 Corpora,
390 2209 420 2259 et
434 2208 591 2274 acceptum
606 2195 715 2273 patulis
728 2215 808 2256 mare
823 2195 942 2256 naribus
957 2197 1066 2256 efflant

231 2292 279 2351 De
294 2290 386 2350 modo
400 2290 552 2368 viginti—
561 2299 605 2350 tot
620 2289 700 2349 euim
714 2289 784 2349 ratis
798 2289 849 2348 illa
863 2291 1025 2350 ferebat-
1074 2367 1076 2370 Α

231 2385 395 2444 Restabam
410 2385 497 2443 solus.
542 2381 687 2442 Pavidum
702 2382 892 2459 gelidumque
906 2381 1044 2442 trementi

231 2479 373 2553 Corpore,
389 2476 496 2553 vixque
510 2495 611 2536 meum
625 2477 722 2535 firmat
735 2476 819 2548 deus,
836 2477 959 2549 Excute,
975 2475 1088 2552 dicens,

232 2570 331 2631 Corde
346 2579 467 2643 metum,
483 2569 633 2646 Diamque
649 2573 736 2632 tene!
779 2569 905 2628 Delams
920 2567 1047 2629 inillam

230 2661 353 2723 Accessi
368 2663 458 2722 sacris
473 2664 668 2740 Baccheaque
683 2664 760 2723 festa
772 2662 937 2738 frequento.

185 2750 193 2764 ⁹
331 2753 349 2784 ἕ
489 2754 506 2785 4
648 2754 665 2785 ὓ
806 2752 824 2786 ἃ
964 2752 983 2786 θ

596 3119 745 3180 LIBER
775 3119 840 3180 IV.

331 3330 349 3366 Ι
491 3330 509 3367 fl
651 3331 669 3367 Ι
811 3329 830 3369 1
970 3329 990 3369 ᾗ

232 3411 385 3470 Pvmuus
398 3419 431 3470 et
443 3409 565 3483 Thisbe,
580 3411 722 3486 juvenum
736 3410 950 3489 pulcherrimus
967 3413 1049 3484 alter,
1184 3441 1208 3479 ,ς

231 3504 342 3576 Altera,
358 3523 431 3579 quas
446 3502 554 3564 Oriens
568 3504 680 3577 habuit,
696 3507 828 3583 praelata
841 3506 957 3581 puellis,

231 3596 395 3673 Contiguas
410 3607 530 3656 tenuere
544 3597 660 3671 domos,
675 3598 727 3657 ubi
742 3597 849 3657 dicitur
862 3599 953 3656 altam

232 3689 396 3749 Coctilibus
411 3689 501 3748 muris
515 3689 641 3749 cinxisse
656 3689 824 3750 Semiramis
839 3691 949 3749 urbem

200 3852 207 3867 ι
231 3781 377 3841 Notitiam
392 3780 563 3858 primosque
577 3784 684 3860 gradus
698 3780 808 3840 vicinia
822 3780 900 3855 fecit,

231 3875 380 3951 Tempore
394 3874 486 3935 crevit
500 3894 602 3935 amor:
622 3874 728 3934 taedae
742 3892 861 3949 quoque
874 3874 939 3951 jure
953 3873 1103 3950 coissent3
1183 3896 1210 3935 ω

230 3968 290 4027 Sed
304 3980 423 4028 vetuere
438 3979 544 4045 patres.
587 3966 678 4042 Quod
693 3984 755 4025 non
769 3977 893 4043 potuere
907 3979 1015 4042 vetare,

232 4060 278 4119 Ex
292 4079 389 4137 aequo
403 4060 497 4137 captis
511 4060 655 4119 ardebant
670 4058 819 4118 mentibus
833 4060 932 4119 ambo.

232 4153 380 4214 Conscius
396 4151 493 4213 omnis
508 4153 592 4211 abest
604 4160 705 4210 :nutu
718 4149 868 4228 signisque
882 4152 1064 4228 loquuntur3
