2610 4926
273 770 313 829 94
572 763 598 810 P.
621 766 754 810 VlRGlLll
776 766 918 809 matronis

167 959 169 963 ,
273 913 364 971 Nunc
378 920 468 986 caput
481 910 631 989 objectare
645 911 735 983 fretis,
751 929 831 970 nunc
845 928 961 970 currere
975 908 1007 969 in
1019 907 1126 985 undas,

273 1003 314 1062 Et
328 998 427 1062 studio
441 1002 590 1063 incassum
604 1003 707 1063 videas
720 1003 828 1081 gestire
843 1001 969 1063 lavandi.

273 1095 352 1153 Tum
366 1094 470 1153 cornix
483 1095 573 1171 plena
586 1095 717 1172 pluviam
730 1105 819 1155 vocat
832 1093 969 1173 improba
981 1112 1057 1157 voce

275 1187 315 1247 Et
328 1187 393 1246 sola
407 1187 437 1245 in
452 1187 532 1246 sicca
546 1207 647 1247 secum
663 1188 807 1266 spatiatur
820 1205 918 1247 arena

274 1281 323 1339 Ne
338 1290 485 1339 nocturna
498 1280 619 1355 quidem
634 1291 792 1357 carpentes
806 1298 901 1357 pensa
915 1280 1033 1359 puellae

275 1371 437 1431 Nescivere
451 1372 589 1446 hiemem,
605 1382 681 1431 testa
696 1391 787 1448 quum
801 1374 926 1432 ardente
940 1374 1078 1435 viderent

276 1463 444 1533 Scintillare
458 1464 556 1523 oleum
571 1476 601 1523 et
616 1474 718 1541 putres
732 1483 924 1525 concrescere
938 1466 1055 1545 fungos.

316 1557 381 1615 Nec
396 1555 493 1615 minus
507 1576 543 1616 ex
557 1556 644 1616 imbri
659 1558 739 1616 soles
754 1567 784 1618 et
798 1569 900 1635 aperta
915 1577 1021 1618 serena

275 1649 449 1726 Prospicere
464 1659 493 1709 et
507 1648 595 1709 certis
609 1651 722 1727 poteris
736 1651 1044 1730 cognoscere-signis:

275 1743 354 1801 Nam
369 1762 465 1818 neque
480 1752 542 1802 tum
558 1744 652 1804 stellis
667 1742 746 1804 acies
760 1744 889 1804 obtunsa
901 1744 1027 1820 videtur,

274 1836 304 1894 N
306 1855 340 1894 ec
355 1835 452 1895 fratris
466 1835 556 1895 radiis
570 1837 700 1897 obnoxia
714 1855 835 1915 surgere
851 1838 945 1910 Luna,

208 1937 212 1945 '
273 1928 390 1987 Tenuia
405 1947 460 1988 nec
475 1930 561 1989 lanae
575 1949 630 2007 per
643 1930 760 1989 coelum
775 1930 887 1989 vellera
901 1929 987 2004 serri3

274 2022 345 2080 Non
360 2023 495 2100 tepidum
509 2022 548 2083 ad
563 2023 658 2082 solem
672 2041 787 2101 pennas
802 2022 832 2081 in
847 2023 934 2082 litore
948 2021 1085 2109 pandunt

274 2113 410 2174 Dilectae
424 2115 546 2175 Thetidi
561 2116 711 2193 alcyones,
728 2134 789 2174 non
804 2133 856 2174 ore
870 2115 986 2175 solutos

273 2208 426 2267 Immundi
441 2207 604 2267 meminere
618 2225 685 2266 sues
704 2209 817 2283 jactare
831 2207 987 2284 maniplos.

272 2302 314 2359 At
328 2301 454 2360 nebulae
470 2300 562 2377 magis
577 2300 637 2359 ima
650 2310 756 2377 petunt
772 2320 938 2378 campoque
953 2301 1140 2377 recumbunt,

272 2392 350 2452 Solis
365 2403 394 2452 et
410 2412 546 2452 occasum
563 2412 685 2452 servans
701 2394 738 2451 de
753 2393 883 2452 culmine
898 2412 1016 2453 summo

274 2486 485 2561 Nequidquam
500 2505 581 2545 seros
596 2498 713 2545 exercet
727 2498 837 2545 noctua
850 2498 963 2546 cantus.

272 2580 406 2655 Apparet
421 2579 534 2654 liquido
549 2579 683 2638 sublimis
699 2580 729 2638 in
744 2583 812 2639 aire
828 2581 929 2653 Nisus,

272 2672 311 2730 Et
325 2691 379 2747 pro
393 2691 541 2748 purpureo
555 2691 669 2748 poenas
684 2674 735 2732 dat
750 2674 847 2751 Scylla
860 2672 990 2749 capillo;

272 2762 469 2840 Quacumque
483 2764 535 2824 illa
549 2766 644 2824 levem
660 2766 776 2844 fugiens
791 2776 873 2826 secat
887 2768 1008 2826 aethera
1022 2767 1141 2844 pennis,

272 2858 352 2916 Ecce
367 2858 512 2931 inimicus,
528 2868 620 2931 atrox,
636 2877 746 2937 magno
760 2860 885 2918 stridore
900 2879 953 2936 per
966 2878 1054 2919 auras

272 2950 444 3026 Insequitur
458 2951 568 3025 Nisus;
589 2970 647 3026 qua
662 2971 694 3011 se
709 2953 764 3011 sert
779 2953 872 3011 Nisus
886 2953 925 3011 ad
940 2971 1035 3025 auras,

272 3044 329 3102 Illa
343 3044 439 3102 levem
454 3043 570 3122 fugiens
585 3045 692 3121 raptim
707 3056 787 3104 secat
802 3046 923 3104 aethera
937 3045 1053 3121 pennis.

270 3137 349 3196 Tum
365 3136 492 3213 liquidas
506 3137 586 3196 corvi
601 3156 705 3214 presso
720 3148 764 3196 ter
777 3149 895 3214 gutture
909 3156 1000 3197 voces

271 3231 334 3287 Aut
348 3240 452 3304 quater
466 3230 659 3308 ingeminant,
675 3240 705 3289 et
720 3249 810 3307 saepe
825 3231 973 3289 cubilibus
987 3230 1063 3304 altis,

272 3323 385 3383 Nescio
399 3343 458 3399 qua
471 3335 589 3400 praeter
603 3325 724 3383 solitum
739 3325 898 3383 dulcedine
914 3324 991 3397 laeti,

272 3417 356 3475 Inter
371 3436 402 3476 se
417 3417 448 3475 in
463 3417 541 3476 soliis
556 3418 731 3494 strepitant;
749 3418 831 3495 juvat
847 3418 990 3476 imbribus
1005 3418 1080 3478 actis

271 3509 447 3585 Progeniem
462 3529 582 3586 parvam
598 3510 760 3585 dulcesque
776 3509 903 3568 revisere
918 3510 1026 3584 nidos;

272 3601 374 3673 Haud,
390 3602 528 3677 equidem
544 3603 642 3673 cred0‚
659 3602 728 3677 quia
742 3603 780 3660 sit
794 3602 935 3661 divinitus
950 3602 1009 3661 illis

272 3694 431 3771 Ingenium
445 3704 496 3752 aut
510 3713 606 3752 rerum
622 3695 682 3753 sato
697 3694 854 3770 prudentia
868 3697 982 3769 maj0r;

270 3787 392 3858 Verum,
408 3785 458 3844 ubi
474 3798 636 3863 tempestas
651 3797 681 3845 et
695 3785 771 3843 coeli
786 3786 905 3844 mobilis
920 3789 1026 3845 humor

271 3879 428 3937 Mutavere
443 3878 506 3937 vias
520 3889 550 3936 et
563 3879 700 3954 Juppiter
714 3877 821 3936 uvidus
836 3878 942 3937 austris

271 3970 397 4042 Denset,
413 3981 497 4029 erant
512 3988 588 4045 quae
603 3989 667 4028 rara
681 3970 780 4043 modo,
796 3981 825 4029 et
840 3990 916 4048 quae
932 3971 1033 4044 densa,
1049 3971 1171 4046 relaxat,

270 4065 434 4122 Vertuntur
447 4062 563 4138 species
577 4063 752 4136 animorum,
767 4072 798 4122 et
811 4075 932 4140 pectora
947 4075 1045 4125 motus
1217 4092 1261 4129 ⁴²0

271 4157 301 4216 N
304 4175 362 4217 unc
376 4156 460 4231 alios,
477 4154 560 4230 alios,
577 4156 648 4214 dum
663 4156 766 4216 nubila
779 4167 886 4216 ventus
900 4157 1015 4236 agebat,
