2610 4926
250 766 288 841 58
586 777 611 818 Ρ.
634 774 734 819 ovmrr
755 773 890 817 uasorus
930 753 932 758 ’

251 925 316 983 Nec
331 922 402 982 satis
417 923 474 980 hoc
489 922 607 980 Baccho
618 930 683 980 est:
704 921 786 996 ipsos
801 938 920 995 quoque
934 918 1043 977 deserit
1056 935 1154 996 agros,
1202 917 1225 966 ⁸⁵

250 1017 388 1092 Cumque
402 1016 492 1074 choro
507 1015 627 1072 meliore
642 1014 687 1072 sui
702 1014 801 1073 vineta
815 1011 932 1090 Tymoli

251 1110 455 1183 Pactolonque
470 1098 553 1184 petit,
569 1107 704 1182 quamvis
719 1125 779 1164 non
794 1125 901 1164 aureus
917 1104 966 1163 illo

250 1202 400 1276 Tempore
415 1218 471 1259 nec
485 1199 562 1257 caris
576 1210 638 1257 erat
652 1199 814 1257 invidiosus
828 1198 935 1256 arenis.

252 1295 344 1352 Hunc
359 1303 476 1351 assueta
491 1292 605 1362 cohors
624 1292 718 1367 Satyri
734 1292 936 1365 Bacchaeque,
952 1291 1162 1366 frequentant;

146 1431 149 1435 -
192 1464 194 1469 γ
252 1388 293 1445 At
309 1385 425 1445 Silenus
440 1386 531 1443 abest
576 1383 767 1442 Titubantem
781 1383 925 1458 annisque
941 1402 1082 1458 meroque
1202 1408 1229 1445 φ

254 1479 412 1537 Ruricolae
426 1496 533 1552 cepere
549 1478 688 1554 Phryges,
705 1477 895 1550 vinctumque
909 1476 1029 1534 coronis

253 1572 302 1630 Ad
318 1590 416 1648 regem
434 1570 542 1627 duxere
559 1570 674 1640 Midan,
689 1568 735 1627 cui
751 1569 897 1651 Thracius
913 1570 1052 1644 Orpheus

253 1662 345 1741 Orgia
360 1663 521 1721 tradiderat
534 1681 602 1720 cum
618 1662 765 1737 Cecropio
781 1662 937 1736 Eumolpo.

253 1756 313 1830 Qui
328 1756 415 1814 simul
430 1755 550 1832 agnovit
565 1755 677 1814 socium
692 1753 890 1829 comitemque
902 1772 1061 1826 sacrorum,

255 1848 393 1924 Hospitis
408 1847 536 1905 adventu
551 1847 657 1905 sestum
672 1845 827 1923 genialiter
841 1847 901 1923 egit

255 1943 311 1999 Per
324 1941 371 1999 bis
386 1941 517 2015 quinque
531 1941 595 1998 dies
609 1950 640 1997 et
659 1940 776 2015 junctas
790 1938 895 1998 ordine
910 1950 1021 1997 noctes
1043 1967 1047 1976 ·

254 2035 293 2092 Et
312 2035 372 2109 jam
388 2034 536 2092 stellarum
552 2033 678 2091 sublime
691 2035 830 2109 coegerat
843 2051 951 2108 agmen

254 2127 372 2185 Lucifer
385 2126 568 2196 undecimus,
585 2125 685 2202 Lydos
700 2143 790 2199 quum
805 2125 899 2182 laetus
915 2124 945 2180 in
960 2142 1048 2200 agros
1085 2141 1087 2145 ⁴

255 2221 322 2277 Rex
335 2218 424 2289 venit,
440 2228 469 2276 et
488 2217 589 2293 juveni
604 2218 735 2276 Silenum
750 2217 847 2274 reddit
860 2217 989 2274 alumno.

256 2312 337 2369 Huic
352 2312 425 2369 deus
440 2311 563 2385 optandi
577 2320 699 2384 gratum,
716 2309 768 2367 sed
785 2308 895 2379 inutile,
912 2309 980 2367 secit

256 2403 391 2461 Muneris
406 2403 565 2472 arbitrium,
580 2402 714 2477 gaudens
729 2403 821 2458 altore
835 2413 962 2476 recepto,

256 2497 321 2568 Ille,
337 2497 414 2554 male
429 2514 533 2553 usurus
548 2494 643 2563 donis,
659 2494 718 2551 ait:
740 2494 839 2564 Effice,
856 2494 997 2569 quicquid

215 2614 218 2621 ⁴
256 2590 390 2664 Corpore
404 2588 565 2664 contigero,
582 2586 691 2643 sulvum
707 2597 836 2644 vertatur
851 2587 880 2644 in
895 2607 1005 2645 aurum.

256 2681 371 2738 Annuit
387 2680 504 2756 optatis,
521 2679 712 2754 nocituraque
727 2699 848 2738 munera
863 2681 952 2738 soluit

256 2773 354 2845 Liber,
370 2784 400 2831 et
412 2773 536 2830 indoluit
550 2773 631 2847 quod
646 2792 705 2830 non
721 2772 843 2830 meliora
857 2773 994 2849 petisset.-

256 2868 366 2925 Laetus
380 2866 442 2923 abit
456 2866 624 2942 gaudetque
639 2866 716 2922 malo
732 2866 923 2942 Berecyntius
938 2867 1033 2939 heros,

256 2958 443 3033 Pollicitique
459 2958 547 3014 tidem
564 2957 845 3035 tangendosingula
860 2968 962 3016 tentat

254 3052 373 3126 Vixque
388 3050 444 3109 sibi
458 3052 592 3121 credens
610 3070 668 3108 non
683 3052 743 3109 alta
757 3051 861 3109 froude
875 3052 1019 3109 virentem
1119 3102 1120 3106 ,

256 3144 329 3202 llice
344 3144 471 3201 detraxit
486 3144 596 3220 virgam
609 3165 617 3215 ;
637 3144 719 3220 virga
734 3162 822 3201 aurea
837 3143 913 3202 sacta
927 3153 981 3202 est.
1029 3170 1037 3190 ο

255 3238 347 3295 Tollit
362 3237 451 3295 ltumo
466 3256 588 3309 saxum;
610 3256 711 3294 saxum
727 3256 845 3312 quoque
860 3238 964 3312 palluit
979 3257 1070 3297 auro:

256 3329 389 3406 Contigit
405 3340 433 3387 et
447 3330 564 3406 glebam
578 3352 585 3401 ;
606 3342 744 3387 contactu
758 3331 844 3405 gleba
859 3331 974 3405 potenti

256 3424 359 3480 Massa
373 3423 405 3479 fit
421 3445 426 3480 :
447 3434 563 3480 arentes
579 3423 696 3480 Cereris
711 3422 859 3497 decerpsit
874 3424 999 3496 aristas;

256 3517 355 3572 Aurea
369 3515 473 3572 messis
491 3525 571 3572 erat:
592 3515 724 3572 demtum
739 3526 819 3572 tenet
834 3515 938 3573 arbore
954 3534 1094 3590 pomum;

257 3608 443 3683 Hesperidas
458 3608 586 3665 donasse
601 3618 687 3682 putes
702 3629 707 3663 :
728 3606 752 3664 si
768 3607 902 3682 postibus
916 3607 983 3666 altis

176 3733 180 3739 ·
256 3699 399 3757 Admovit
413 3700 530 3776 dignor,
546 3710 648 3775 postes
663 3699 776 3755 radiare
791 3698 937 3757 videntur.

257 3793 312 3849 Ille
327 3792 416 3850 etiam
431 3792 550 3868 liquidis
565 3791 678 3866 palmas
694 3790 743 3847 ubi
759 3791 867 3847 laverat
882 3792 979 3864 undis,

256 3885 348 3944 Unda
363 3884 457 3942 fluens
471 3885 585 3959 palmas
601 3884 725 3939 Danaen
741 3882 860 3939 eludere
876 3897 985 3958 posset.

254 3978 314 4035 Vix
329 3996 399 4054 spes
415 3977 477 4051 ipse
493 3994 561 4033 suas
576 3974 675 4032 animo
689 3974 777 4050 capit,
793 3995 881 4033 aurea
895 3978 1012 4054 fingens

256 4069 373 4130 Omnia.
419 4067 568 4127 Gaudenti
583 4085 701 4124 mensas
719 4087 843 4142 posuere
859 4068 992 4143 ministri,

257 4165 431 4220 Exstructas
446 4158 573 4240 dapibus
588 4177 643 4217 nec
659 4170 753 4218 tostae
769 4160 859 4237 frugis
874 4174 1004 4239 egentes,

257 4256 335 4313 Turn
349 4270 421 4311 vero
435 4251 498 4310 sive
513 4251 562 4311 ille
577 4270 630 4311 sua
645 4253 782 4313 Cerealia
795 4252 900 4314 dextra
