2610 4926
215 138 251 210 76
532 152 555 192 P.
579 152 709 192 vruciuu
733 152 874 195 sinuosus

623 325 775 362 MENALCAS.

211 376 287 449 Tale
300 395 384 448 tuum
397 406 517 449 carmen
531 389 626 463 nobis,
642 391 741 449 divine
756 401 851 467 poeta,

211 480 310 557 Quale
323 499 414 559 sopor
427 481 513 543 sessis
527 482 712 561 in‘gramine,
729 484 817 559 quale
826 500 885 635 per
900 492 1016 541 aestum

212 573 319 635 Dulcis
332 592 427 650 aquae
441 573 565 636 saliente
579 574 660 636 sitim
674 576 825 654 restingue
873 574 944 634 rivo.

212 667 280 735 Nee
292 665 414 727 calamis
428 667 526 728 solum
538 668 721 746 aequiparas,
737 668 792 728 sed
806 685 880 727 voce
894 666 1076 746 magistrum.

212 758 375 820 Fortunate
387 778 470 837 puer,
485 770 518 821 tu
531 779 611 821 nunc
624 761 681 821 eris
694 762 769 821 alter
783 760 822 820 ab
836 759 895 819 illo.

212 852 279 913 Nos
292 861 392 912 tamen
407 853 481 913 haec
494 871 682 930 quocumque
695 852 787 914 modo
801 851 855 913 tibi
868 861 972 913 nostra
984 849 1119 911 vicissim
1166 876 1206 916 ιο.

211 944 365 1018 Dicemus,
381 944 593 1023 Daphnimque
607 955 691 1006 tuum
703 944 843 1007 tollemus
856 944 896 1005 ad
909 953 1010 1019 astra,

212 1036 356 1117 Daphnin
370 1038 409 1099 ad
423 1048 503 1099 astra
515 1038 665 1099 fuemus:
683 1036 794 1099 amavit
807 1056 865 1098 nos
878 1054 999 1115 quoque
1013 1032 1162 1115 Daphnis.

643 1171 758 1211 uorsus
971 1206 976 1213 .

211 1236 260 1296 An
275 1235 434 1314 quiequam
447 1236 534 1299 uobis
547 1237 600 1299 tali
612 1237 653 1299 sit
665 1254 789 1299 munere
802 1234 918 1316 majus?

203 1328 252 1391 ¹Et
264 1347 339 1407 puer
351 1328 417 1407 ipse
429 1330 484 1392 tuit
496 1329 610 1391 oenmri
623 1330 740 1411 diguus,
754 1340 785 1391 et
798 1328 857 1390 ista

210 1420 279 1499 Jam
292 1421 408 1500 pridem
421 1421 564 1485 Stimioon
577 1422 708 1485 laudauit
721 1420 853 1485 carmina
865 1418 964 1483 uobis.

620 1544 775 1583 sanamus

211 1607 368 1670 Candidus
382 1607 531 1669 insuetum
543 1609 664 1671 miratur
677 1610 767 1672 limen
782 1606 905 1689 Olympi

210 1701 273 1762 Sub
287 1701 475 1780 pedibusque
489 1698 571 1761 videt
583 1703 679 1765 nubes
692 1712 724 1765 et
736 1702 837 1763 sidera
850 1697 1000 1778 Daphnis.
1120 1748 1124 1753 .

210 1794 294 1873 Eme
304 1793 411 1855 alacris
424 1792 515 1853 silvas
527 1803 558 1854 et
571 1803 669 1857 cetera
681 1814 749 1857 rura
761 1794 902 1873 voluptas

211 1886 354 1964 Panaque
367 1894 564 1964 pastoresque
577 1896 660 1949 tenet
673 1889 871 1969 Dryadasque
884 1884 1011 1965 puellas.

211 1980 279 2041 Nec
293 1980 381 2058 lupus
393 1976 519 2041 iusidias
530 1979 642 2059 pauori,
655 1998 715 2041 nec
725 1981 802 2043 retia
813 1979 911 2041 cervis

211 2072 285 2134 Ulla
296 2072 400 2133 dolum
413 2070 614 2148 meditanturr5
631 2081 712 2133 amat
724 2072 823 2135 bouus
836 2072 899 2134 otia
911 2069 1063 2151 Daphnis.
1175 2098 1178 2103 ·

211 2164 277 2243 Ipsi
290 2164 403 2226 laetitia
414 2182 506 2227 voces
520 2165 560 2226 ad
573 2165 672 2227 sidem
687 2165 801 2247 jactant

206 2258 330 2351 Intonsi
343 2267 460 2319 montes
471 2280 480 2333 ;
499 2258 583 2336 ipsae
600 2259 663 2335 jam
676 2258 809 2319 carmina
821 2276 918 2339 rupes,
1035 2324 1039 2331 ,

211 2352 285 2429 Ipsa
298 2361 406 2412 sonant
420 2352 557 2413 arbusta:
578 2352 661 2426 deus,
676 2352 752 2412 deus
765 2351 825 2424 ille,
839 2350 999 2412 Meualoal

211 2445 261 2505 Sis
273 2444 372 2505 bonis
385 2463 405 2504 o
419 2443 549 2522 felixque
563 2443 639 2505 tuisl
660 2463 698 2505 eu
713 2454 853 2521 quattuor
867 2462 933 2504 aras
947 2465 955 2504 ι

211 2538 291 2597 Ecce
305 2538 381 2598 duas
394 2536 458 2612 tibi,
475 2537 608 2616 Daphni,
623 2538 699 2597 duas
713 2536 818 2597 altaria
831 2535 965 2596 Phoebo.
1098 2541 1100 2544 ’

211 2630 325 2690 Pocula
337 2629 409 2701 bina
422 2649 502 2691 novo
516 2629 685 2708 spumantia
700 2630 777 2690 lacte
792 2627 966 2705 quotannis

210 2722 409 2800 craterasque
424 2722 500 2783 duos
514 2732 643 2783 statuam
656 2721 710 2782 tibi
724 2721 844 2801 pinguis
857 2720 945 2793 oliva,

211 2813 251 2874 Et
264 2814 358 2874 multo
372 2814 519 2893 inprimis
533 2814 664 2875 hilarans
677 2814 814 2875 oonvivia
829 2812 958 2886 Baccho,

80 2955 90 2974 .
211 2906 292 2966 Ante
306 2907 413 2980 locum,
428 2907 453 2966 si
466 2905 558 2983 frigus
571 2907 635 2981 erit,
651 2906 677 2967 si
691 2905 806 2979 messis,
821 2905 853 2963 in
867 2904 981 2979 umbra,

210 2998 291 3057 Vina
304 3016 414 3058 novum
427 2998 551 3058 fundam
564 2998 688 3059 calathis
703 2997 823 3057 Ariusia
837 3006 948 3056 nectar.

211 3090 384 3151 Cantabunt
398 3090 470 3149 mihi
485 3092 650 3152 Damoetas
663 3099 693 3149 et
707 3089 829 3168 Lyctius
845 3090 954 3167 Aegon
965 3110 976 3164 ς

208 3182 359 3245 Saltautes
372 3184 492 3261 Satyros
506 3182 667 3244 imitabitur
681 3179 911 3259 Alphesiboeus.

212 3276 301 3336 Haec
314 3273 369 3336 tibi
382 3293 501 3353 semper
513 3283 608 3348 erunt,
622 3284 654 3334 et
668 3292 759 3351 quum
774 3273 932 3334 sollemnia
945 3283 1016 3335 vota

211 3366 388 3428 Reddetnus
401 3365 557 3445 Nymphis,
572 3376 603 3427 et
616 3385 707 3444 quum
721 3366 910 3427 lustrabimus
923 3384 1020 3445 agros
1164 3392 1185 3433 2·

211 3460 294 3521 Dum
312 3461 384 3541 juga
396 3458 507 3519 montis
521 3477 600 3537 aper,
615 3459 721 3520 fluvios
734 3460 806 3519 dum
820 3458 912 3537 piscis
925 3458 1046 3532 amabit,

212 3552 353 3631 Dumque
366 3552 468 3631 thymo
481 3561 641 3629 moeuutr
653 3570 735 3630 apes,
750 3553 821 3613 dum
835 3570 901 3612 rore
915 3550 1046 3626 cicadae,
1059 3577 1068 3594 ·
