2610 4926
251 757 291 814 6ο
397 771 425 813 a.
447 768 549 812 ovron
570 768 704 813 nasonis
725 770 934 828 uarauonrrr.
956 773 1014 818 rra
1037 776 1080 821 xr.
1141 770 1166 785 “

252 914 374 974 Liberat
387 913 561 974 arboribus:
581 933 692 991 quercu
705 932 792 976 coma
804 917 923 977 caerula
936 927 1052 980 tantum

252 1007 398 1085 Cingitur,
413 1017 444 1067 et
458 1008 592 1084 pendent
607 1008 717 1067 circum
731 1028 804 1068 cava
817 1019 951 1086 tempora
964 1013 1098 1090 glandes.

253 1103 343 1176 Isque
358 1100 447 1159 deum
462 1099 577 1177 pecoris
591 1111 739 1176 spectans,
757 1104 793 1161 In
812 1103 920 1178 judice,
935 1105 1017 1176 dixit,

254 1193 344 1251 Nulla
358 1211 441 1252 mora
455 1202 508 1252 est.
553 1193 685 1252 Calamis
699 1195 863 1272 agrestibus
878 1195 996 1256 insonat
1010 1198 1069 1272 ille,

253 1286 470 1363 Barbaricoque
486 1286 591 1345 Midan
600 1287 752 1346 -aderat
767 1306 835 1346 narn
849 1287 924 1348 forte
937 1291 1108 1350 canenti-—

253 1379 392 1440 Carmine
407 1379 526 1438 delenit.
572 1381 645 1439 Post
659 1381 739 1439 hunc
753 1399 837 1440 sacer
850 1400 903 1441 ora
916 1383 1035 1444 retorsit

252 1473 377 1532 Tmolus
392 1473 430 1531 ad
444 1492 479 1532 os
495 1473 629 1533 Phoebi:
649 1475 761 1532 vultum
776 1493 830 1533 sua
845 1475 919 1534 silva
932 1487 1035 1536 secuta
1049 1488 1104 1538 est.

255 1566 318 1638 Ille,
334 1577 423 1641 caput
436 1565 545 1624 flavum
559 1567 642 1624 lauro
658 1566 820 1626 Parnaside
834 1568 959 1641 vinctus,

253 1658 351 1717 Verrit
362 1660 486 1717 humum
501 1657 592 1736 Tyrio
606 1669 735 1718 saturata
748 1660 859 1719 murice
873 1661 961 1737 palla,
1092 1726 1096 1733 ,

255 1752 495 1827 Distinctamque
511 1751 602 1830 lyram
617 1751 742 1828 gemmis
755 1762 786 1811 et
800 1752 940 1813 dentibus
956 1753 1041 1815 Indis

255 1843 400 1904 Sustinuit
413 1845 505 1916 laeva,
522 1844 616 1903 tenuit
629 1863 735 1903 manus
749 1845 840 1904 altera
854 1847 1007 1922 plectrum
1068 1850 1074 1863 '

255 1937 385 1996 Artificis
400 1947 494 1997 status
506 1937 570 2013 ipse
584 1936 646 1997 suit
680 1938 758 1995 Tum
773 1938 900 1997 stamina
914 1939 1005 1999 docto

255 2029 367 2089 Pollice
382 2015 541 2089 sollicitat:
561 2047 687 2106 quorum
702 2030 861 2089 dulcedine
875 2041 979 2109 captus

256 2123 338 2181 Pana
355 2123 440 2201 jubet
454 2122 579 2181 Tmolus
594 2121 724 2181 citharae
739 2123 911 2182 submittere
925 2140 1046 2186 cannas.

254 2215 404 2292 Judicium
418 2215 572 2290 sanctique
587 2214 686 2290 placet
700 2215 849 2274 sententia
861 2216 971 2276 montis

255 2308 422 2381 Omnibus3
443 2308 686 2384 arguiturtamen
701 2316 790 2383 atque
805 2307 913 2385 injusta
927 2320 1050 2369 vocatur

256 2401 355 2459 Unius
370 2418 507 2459 sermone
523 2400 634 2458 Midae.
679 2399 744 2457 Nec
760 2400 864 2460 Delius
878 2420 964 2461 aures

257 2495 428 2551 Humanam
444 2493 568 2552 stolidas
583 2493 692 2568 patitur
706 2491 831 2551 retinere
845 2494 989 2571 figuram3

256 2585 317 2645 Sed
333 2584 420 2644 trahit
435 2586 465 2643 in
480 2586 617 2661 spatium,
633 2584 768 2661 villisque
783 2586 950 2646 albentibus
966 2588 1078 2665 implet,

257 2679 478 2754 Instabilesque
493 2679 552 2737 imo
567 2677 637 2736 iacit
651 2687 681 2737 et
695 2678 747 2736 dat
760 2696 851 2755 posse
866 2680 986 2739 moveri.

256 2773 365 2833 Cetera
379 2783 448 2830 sunt
462 2772 609 2845 hominis;
630 2781 743 2847 partem
758 2772 914 2831 damnatur
929 2773 964 2843 in,
973 2793 1071 2849 unam,

257 2865 453 2941 induiturque
467 2884 551 2924 aures
567 2866 645 2924 lente
660 2865 823 2943 gradientis
838 2866 929 2925 aselli.

298 2960 353 3017 ille
368 2958 489 3034 quidem
504 2959 589 3030 celat,
605 2959 743 3034 turpique
757 2970 880 3017 onerata
893 2960 1006 3036 pudore

255 3053 407 3128 Tempora
421 3050 574 3128 purpureis
589 3063 683 3110 tentat
697 3052 794 3111 velare
810 3052 911 3126 tiaris;

258 3145 319 3205 Sed
334 3145 437 3203 solitus
452 3145 558 3223 longos
573 3144 649 3203 ferro
664 3163 797 3204 resecare
812 3145 936 3221 capillos

257 3238 382 3297 Viderat
396 3238 453 3296 hoc
467 3238 603 3296 famulus.
646 3238 706 3311 Qui
722 3256 812 3313 quum
828 3256 884 3296 nec
898 3238 1025 3315 prodere
1040 3237 1137 3298 visum

258 3331 399 3390 Dedecus
413 3331 543 3401 auderet,
559 3331 682 3406 cupiens
696 3330 800 3388 efferre
814 3330 870 3388 sub
885 3350 980 3402 auras

258 3425 324 3483 Nec
338 3433 440 3500 posset
455 3423 578 3481 reticere
590 3433 699 3493 tamen,
715 3423 828 3481 secedit
841 3424 1024 3498 humumque
1201 3437 1238 3489 aa,

260 3517 370 3576 Effudit
386 3527 423 3587 et,
439 3515 553 3573 domini
568 3515 671 3589 quales
686 3515 853 3591 adspexerit
869 3535 963 3588 aurea,

258 3613 342 3669 Voce
357 3609 446 3667 refert
460 3626 557 3682 parva,
574 3619 728 3682 terraeque
743 3608 945 3667 immurmurat
960 3610 1104 3682 haustae;

260 3702 468 3776 Indiciumque
484 3719 554 3759 suae
568 3701 650 3759 vocis
666 3701 769 3758 tellure
785 3712 900 3777 regesta

258 3795 375 3866 Obruit,
391 3804 421 3853 et
435 3792 591 3851 scrobibus
606 3793 711 3851 tacitus
727 3793 853 3850 discedit
868 3793 986 3868 opertis.
1049 3858 1051 3862 Α

259 3886 372 3947 Creber
387 3885 581 3944 arundinibus
597 3883 728 3942 tremulis
743 3884 783 3942 ibi
799 3904 918 3963 surgere
934 3886 1016 3944 lucus
1206 3914 1244 3956 ιφ

258 3979 369 4054 Coepit
383 3988 421 4049 et,
437 3989 469 4036 ut
483 3976 610 4053 primurn
625 3977 715 4052 pleno
730 3978 868 4036 maturuit
883 3997 965 4050 aevo,

261 4071 395 4130 Prodidit
409 4070 568 4147 agricolam
583 4091 589 4127 :
610 4068 669 4127 leni
685 4087 753 4126 nam
769 4080 866 4128 motus
881 4071 919 4128 ab
934 4073 1044 4129 Austro

259 4164 375 4224 Obruta
390 4163 479 4222 verba
493 4161 580 4220 refert
594 4161 766 4237 dominique
781 4163 914 4239 coarguit
929 4181 1023 4221 aures.

360 4253 379 4292 rr
518 4251 537 4290 u
677 4251 695 4289 u
836 4252 854 4290 u
995 4253 1013 4291 u
