2610 4882
490 638 729 687 unctuosum
752 642 785 688 11.

163 785 319 850 includunt
330 806 422 851 caeco
435 785 528 862 lateri,
542 787 721 865 penitusque
735 804 876 850 cavernas

170 878 301 956 Ingentes
312 892 485 956 uterumque
498 891 612 940 armam
626 880 719 941 milite
732 883 893 960 'complent
1103 912 1130 943 a

216 974 262 1034 Est
271 973 298 1033 in
308 984 470 1051 conspectu
483 973 635 1051 Tenedos,
650 973 805 1034 notissima
817 975 897 1035 sama

181 1063 274 1140 Ioula,
286 1066 363 1127 dives
376 1084 478 1144 opum,
494 1066 604 1126 Priami
618 1066 690 1126 dum
705 1085 796 1145 regua
809 1068 979 1144 manebant,

186 1156 257 1219 Nunc
268 1170 372 1220 tanum
385 1157 468 1218 sinus
481 1171 512 1219 et
525 1157 614 1220 statio
627 1160 704 1220 maie
719 1161 778 1220 fida
791 1160 918 1236 carinis;

191 1248 245 1311 Huc
254 1270 281 1313 se
292 1250 419 1330 provecti
433 1251 552 1313 deserto
565 1251 596 1311 in
611 1252 696 1313 litore
710 1255 853 1314 condunt

194 1341 240 1403 Nos
250 1344 340 1406 abiisse
353 1344 409 1406 rati
424 1357 455 1405 et
467 1355 559 1405 vento
573 1345 693 1422 petiisse
709 1348 862 1423 Mycenas.

196 1434 250 1513 Ergo
260 1439 344 1498 omnis
358 1438 449 1516 longo
463 1437 551 1498 solvit
565 1457 597 1498 se
611 1437 738 1498 Teucria
752 1440 840 1500 luctu

196 1525 328 1590 Panduutur
340 1543 464 1609 portae;
482 1532 565 1608 juvat
580 1528 620 1591 ire
635 1542 666 1591 et
681 1531 792 1591 Dorica
805 1542 901 1593 castra

196 1618 354 1701 desertosque
368 1623 469 1684 videre
482 1625 566 1684 locos
580 1623 708 1701 litusque
722 1624 863 1685 relictum

161 1714 164 1723 '
195 1711 239 1773 Hic
247 1717 382 1794 Dolopum
397 1735 511 1789 manus,
525 1717 575 1777 hic
589 1736 694 1778 saevus
708 1718 850 1778 tendebat
863 1717 1015 1793 Achillen
1053 1757 1056 1763 ·

194 1804 306 1869 elassibus
318 1808 368 1870 hic
382 1811 486 1883 locus3
506 1809 554 1870 hic
570 1810 632 1871 acie
647 1822 758 1870 certare
773 1811 916 1871 solebant.
1098 1814 1101 1818 ’

193 1895 241 1958 Pars
250 1913 336 1980 stupet
350 1902 493 1980 innuptae
508 1903 620 1963 donum
635 1903 752 1965 exitiale
768 1903 922 1964 Minervae

193 1987 316 2055 Eimolem
328 1995 473 2055 mirantur
485 1995 556 2072 equi
567 2017 576 2070 3
595 1996 766 2073 primusque
780 1996 964 2074 Thffloetea

192 2080 245 2145 Doti
255 2087 322 2148 iutra
334 2107 437 2149 muros
450 2089 583 2148 hortatur
595 2100 626 2149 et
640 2107 707 2149 arce
722 2089 821 2163 locari,

189 2173 235 2237 Siue
245 2180 314 2254 dolo,
328 2200 382 2241 seu
395 2183 458 2258 jam
471 2182 581 2259 Trojae
596 2181 637 2242 sic
652 2182 713 2243 sata
726 2183 867 2244 serebant.
900 2217 904 2225 ·

189 2269 217 2328 At
226 2272 317 2351 Capys,
332 2284 363 2335 et
376 2275 502 2351 quorum
517 2274 621 2335 melior
634 2275 782 2336 sententia
795 2274 896 2348 menti,

188 2361 229 2422 Aut
238 2368 334 2444 pelago
349 2369 488 2427 Danaum
502 2367 622 2427 insidias
637 2381 833 2446 suspectaque
847 2369 928 2428 dona

187 2452 350 2536 Praecipitare
363 2461 479 2538 jubent,
495 2461 693 2540 subjectisque
707 2481 791 2521 urere
805 2461 940 2535 flammis,

186 2547 227 2608 Aut
238 2554 373 2613 terebrare
387 2573 476 2614 cavas
489 2554 564 2614 uteri
579 2568 608 2615 et
623 2567 735 2615 tentare
750 2556 884 2615 latebras.

187 2638 304 2705 Scinditur
317 2646 462 2707 incertum
476 2646 574 2707 studia
588 2648 618 2707 iu
632 2647 778 2708 contraria
792 2649 902 2724 vulgus
952 2689 957 2698 .

212 2737 308 2799 Primus
323 2739 365 2799 ibi
378 2752 449 2799 ante
463 2759 575 2813 omnes,
591 2760 698 2818 magna
712 2740 874 2801 comitante
889 2751 1015 2816 caterva,
1102 2767 1130 2807 tu

187 2825 297 2891 leocoou
311 2832 419 2892 ardens
432 2852 547 2892 summa
561 2834 689 2894 decurrit
703 2835 741 2893 ab
756 2852 831 2906 arce,

187 2917 327 2998 Ftprocut:
347 2924 377 2986 Ο
391 2924 497 2998 miseri,
514 2945 590 3002 quae
606 2938 688 2986 tanta
701 2925 824 2998 insania,
840 2925 940 2986 cives?

187 3010 283 3076 Creditis
296 3030 417 3078 avectos
430 3017 545 3078 hostis?
565 3031 616 3078 aut
629 3020 690 3078 ulla
703 3019 813 3096 putatis

187 3102 251 3167 Dona
262 3129 356 3170 carere
370 3110 448 3170 dolis
463 3113 621 3172 Danaum?
642 3112 684 3172 sic
698 3124 786 3172 notus
802 3109 928 3172 Ulixes?

186 3197 229 3258 dut
239 3200 287 3262 hoc
300 3202 406 3263 inclusi
419 3204 499 3281 ligno
514 3206 698 3265 occultantur
710 3204 827 3276 Achivi,
1104 3232 1130 3272 tt

186 3288 228 3350 Aut
238 3293 302 3355 haec
316 3295 345 3354 in
361 3309 480 3356 nostros
494 3297 635 3357 fabricata
649 3308 694 3357 est
707 3298 846 3357 machina
860 3315 960 3357 muros

184 3379 329 3461 Inspectum
343 3390 451 3449 domos
464 3403 645 3467 venturaque
660 3391 788 3467 desuper
800 3389 875 3462 urbi,

182 3475 228 3536 Aut
238 3481 335 3557 aliquis
348 3482 421 3543 latet
435 3501 533 3556 error;
553 3503 631 3559 equo
646 3503 684 3544 ne
698 3482 818 3556 credite,
834 3481 949 3543 Teucri.

178 3568 308 3649 Quidquid
321 3574 353 3634 id
368 3566 530 3648 est,'timeo
544 3578 667 3636 Danaos
682 3587 712 3637 et
726 3578 807 3637 dona
821 3577 956 3637 ferentes

176 3660 216 3721 stc
227 3665 294 3726 tatus
308 3668 414 3728 validis
427 3667 578 3745 ingentem
592 3664 702 3729 viribus
716 3670 831 3729 hastam

169 3756 203 3814 Iu
214 3757 283 3818 latus
296 3759 387 3837 inque
402 3760 454 3820 teri
468 3780 588 3820 curvam
603 3761 798 3840 compagibus
812 3763 910 3821 alvum

166 3849 316 3913 contorsit.
358 3853 447 3914 Stetit
460 3853 511 3913 illa
524 3865 661 3928 tremens,
677 3867 820 3932 uteroque
835 3872 955 3916 recusso

160 3945 318 4005 Insonuere
332 3965 423 4006 cavae
437 3946 639 4023 gemitumque
653 3948 762 4008 dedere
777 3966 927 4008 cavernae.

157 4037 204 4111 Et,
220 4036 245 4096 si
258 4038 315 4100 sata
329 4039 429 4114 deum,
446 4038 470 4099 si
485 4059 570 4100 meus
584 4058 646 4099 non
660 4041 745 4101 laeva
758 4040 868 4114 suisset,
