2610 4926
160 713 199 789 96
478 727 504 769 r.
526 684 659 770 vrncmn
680 718 822 772 matronis

162 876 204 933 At
218 873 252 945 si,
268 891 359 949 quum
373 872 539 949 referetque
554 870 633 931 diem
648 873 818 950 condetque
832 872 967 948 relatum,

163 966 294 1025 Lucidus
308 965 388 1027 orbis
403 965 466 1038 erit,
482 965 589 1024 frustra
603 966 751 1025 terrebere
766 966 884 1041 nimbis,

163 1061 201 1119 Et
214 1061 295 1119 claro
309 1059 399 1119 silvas
413 1077 518 1120 cernes
533 1058 684 1135 Aquilone
699 1060 819 1119 moveri.
1104 1078 1143 1127 aa

162 1152 310 1230 Denique,
327 1151 399 1228 quid
413 1170 520 1229 vesper
533 1170 617 1211 serus
632 1152 729 1225 vehat,
744 1152 825 1211 unde
839 1170 961 1213 serenas

161 1247 278 1306 Ventus
292 1256 361 1323 agat
375 1245 480 1317 nubes,
496 1245 568 1321 quid
582 1244 693 1324 cogitet
706 1244 845 1305 humidus
858 1246 979 1319 Auster,

161 1340 212 1401 Sol
227 1339 280 1398 tibi
295 1337 379 1416 signa
393 1337 483 1397 dabit
528 1337 628 1397 Solem
643 1337 710 1414 quis
725 1337 824 1398 dicere
838 1339 945 1399 falsum

81 1479 85 1485 .
162 1433 304 1491 Audeat?
345 1432 402 1491 Ille
416 1430 506 1490 etiam
520 1448 628 1491 caecos
641 1430 751 1491 instare
765 1431 908 1491 tumultus

163 1527 259 1603 Saepe
274 1527 384 1596 monet,
400 1524 594 1601 fraudemque
607 1533 638 1583 et
652 1533 756 1600 operta
770 1534 935 1584 tumescere
948 1522 1031 1585 bella
1104 1540 1144 1590 ὥς
1172 1518 1180 1532 ’

162 1619 220 1678 Ille
234 1617 324 1677 etiarn
339 1615 486 1684 exstincto
502 1616 658 1676 miseratus
674 1617 802 1676 Caesare
817 1618 957 1691 Romam,

163 1711 263 1786 Quum
278 1719 367 1788 caput
381 1710 508 1769 obscura
522 1709 649 1769 nitidum
664 1708 812 1787 ferrugine
826 1710 907 1784 texit,

163 1804 320 1882 Impiaque
335 1813 486 1861 aeternam
502 1802 662 1861 timuerunt
676 1802 797 1861 saecula
810 1815 939 1863 noctem.

161 1897 312 1974 Tempore
327 1914 507 1972 quamquam
522 1895 574 1954 illo
588 1895 676 1954 tellus
690 1913 810 1972 quoque
824 1906 855 1955 et
868 1914 999 1974 aequora
1011 1898 1109 1977 ponti,

163 1991 381 2066 Obscenaeque
396 2007 495 2061 canes,
511 1987 756 2065 importunaeque
770 1988 906 2049 volucres
1104 2016 1147 2055 m

164 2083 254 2160 Signa
268 2082 388 2142 dabant.
432 2081 558 2156 Quoties
574 2082 740 2160 Cyclopum
754 2082 895 2144 effervere
909 2084 941 2144 in
954 2102 1043 2165 agros

162 2175 301 2235 Vidimus
316 2176 480 2235 undantem
493 2173 588 2252 ruptis
602 2175 771 2236 fornacibus
786 2178 925 2251 Aetnam,

164 2269 422 2343 Flammarumque
436 2268 542 2343 globos
557 2265 774 2345 liquefactaque
789 2270 908 2330 volvere
923 2274 1013 2332 saxal

163 2364 323 2421 Armorum
338 2360 468 2419 sonitum
483 2370 547 2419 toto
561 2361 723 2420 Germania
736 2363 823 2421 coelo

164 2453 268 2512 Audiit
281 2475 289 2527 3
311 2452 438 2512 insolitis
453 2463 634 2513 tremuerunt
648 2454 780 2514 motibus
795 2455 897 2532 Alpes.
1106 2484 1144 2521 ⁴⁷⁵

162 2549 232 2606 Vox
247 2565 365 2622 quoque
380 2565 434 2622 per
449 2546 533 2605 lucos
547 2547 636 2623 vulgo
651 2548 790 2607 exaudita
803 2548 936 2622 silentes,

165 2642 287 2719 Ingens,
303 2650 333 2698 et
347 2639 505 2697 simulacra
520 2639 616 2699 modis
631 2640 775 2716 pallentia
789 2640 869 2700 miris

163 2734 239 2793 Visa
252 2732 308 2792 sub
322 2733 481 2791 obscurum
497 2733 611 2807 noctis;
632 2734 822 2810 pecudesque
838 2735 963 2808 locutae,

164 2826 343 2885 Infandum!
366 2824 474 2884 sistunt
488 2845 601 2899 amnes,
617 2838 772 2902 terraeque
787 2827 954 2900 dehiscunt,

165 2920 203 2978 Et
217 2931 363 2978 maestum
378 2919 532 2978 illacrimat
546 2920 666 2996 templis
681 2919 763 2992 ebur,
779 2939 906 2995 aeraque
921 2921 1039 2982 sudant
1107 2939 1146 2988 aa>

165 3012 277 3072 Proluit
292 3013 398 3072 insano
413 3022 615 3087 contorquens
628 3012 739 3071 vertice
754 3012 843 3071 silvas

165 3105 335 3164 Fluviorum
351 3125 402 3164 rex
419 3105 574 3177 Eridanus
591 3124 772 3182 camposque
787 3124 840 3181 per
853 3125 960 3166 omnes

165 3199 242 3257 Cum
259 3198 382 3258 stabulis
397 3209 531 3257 armenta
545 3197 618 3256 tulit.
663 3200 691 3256 N
694 3218 728 3257 ec
744 3209 877 3274 tempore
892 3201 1000 3259 eodem

164 3291 313 3351 Tristibus
328 3303 378 3351 aut
392 3292 467 3351 extis
482 3292 573 3350 fibrae
588 3309 730 3368 apparere
745 3292 885 3365 minaces

166 3386 227 3442 Aut
242 3384 338 3459 puteis
353 3404 472 3444 manare
486 3404 572 3443 cruor
586 3384 721 3456 cessavit,
737 3395 767 3443 et
781 3385 858 3444 altae

167 3477 224 3534 Per
239 3487 356 3536 noctem
372 3496 510 3536 resonare
525 3477 603 3553 lupis
618 3477 798 3537 ululantibus
813 3480 909 3538 urbes

167 3569 238 3625 Non
252 3568 326 3628 alias
340 3569 426 3628 coelo
441 3568 612 3628 ceciderunt
627 3570 712 3646 plura
726 3589 832 3630 sereno

167 3660 295 3738 Fulgura
310 3679 365 3718 nec
379 3661 434 3719 diri
450 3660 537 3719 toties
552 3680 649 3719 arsere
663 3673 806 3720 cometae.

168 3754 247 3830 Ergo
262 3753 339 3811 inter
353 3772 418 3812 sese
433 3753 553 3829 paribus
569 3772 744 3812 concurrere
760 3754 826 3812 telis

168 3847 322 3904 Romanas
336 3845 416 3905 acies
431 3845 535 3904 iterum
550 3845 650 3903 videre
667 3846 796 3921 Philippi
809 3868 816 3918 ;

168 3941 235 3998 Nec
250 3939 303 3997 luit
318 3938 473 4015 indignum
488 3936 611 4012 superis
628 3938 675 3996 bis
690 3939 832 4016 sanguine
847 3949 951 3999 nostro

170 4031 337 4092 Emathiam
352 4041 382 4089 et
397 4030 472 4089 latos
489 4030 599 4087 Haemi
614 4029 809 4109 pinguescere
824 4050 953 4108 campos

171 4124 291 4186 Scilicet
304 4134 335 4183 et
349 4133 467 4201 tempus
482 4122 591 4197 veniet,
607 4143 699 4201 quum
713 4124 822 4183 finibus
837 4123 894 4183 illis
