2610 4882
504 752 743 799 marsosum
768 754 788 798 r
1081 761 1136 819 ¹29

142 882 246 961 Qus
254 915 343 977 genus
351 888 545 973 Aeneadum,
560 898 628 977 quis
641 899 750 978 Trojae
765 897 879 959 nesciat
892 890 1005 974 urbem,
1100 917 1137 967 με,

142 976 349 1069 virtutesque
360 992 513 1069 virosque,
527 1003 579 1053 aut
591 992 667 1053 tanti
681 992 820 1051 incendia
833 991 925 1053 belli?

148 1070 237 1143 Non
248 1085 372 1145 obtunsa
383 1084 463 1145 adeo
476 1096 629 1163 gestamus
642 1096 763 1162 pectora
778 1085 881 1158 Poeni,

151 1166 232 1236 Nec
244 1188 301 1237 tam
313 1196 434 1237 aversus
447 1196 545 1255 equos
558 1178 650 1257 Tyria
662 1179 713 1238 Sol
732 1177 829 1256 jungit
842 1178 881 1236 ab
895 1178 974 1240 urbe

151 1260 223 1327 Seu
234 1289 286 1330 ros
299 1270 482 1347 Hesperiam
495 1288 634 1349 magnam
648 1270 842 1346 Saturniaque
856 1290 934 1346 arva,

157 1354 233 1421 Sive
247 1362 345 1442 Erycis
359 1364 434 1423 lines
448 1380 611 1442 regemque
625 1362 734 1440 optatis
750 1366 890 1438 Acesten,
1100 1389 1138 1429 370

159 1450 281 1515 Auxilio
293 1464 374 1517 tutos
388 1455 544 1529 dimittam
559 1454 727 1532 opibusque
745 1455 863 1534 juvabo.

158 1536 259 1607 Vultis
272 1559 301 1608 et
314 1548 362 1609 his
376 1567 495 1609 mecum
508 1549 620 1627 pariter
633 1546 790 1608 considere
805 1547 925 1626 regnis?

160 1630 274 1699 Urbem
287 1640 376 1718 quain
390 1652 498 1715 statuo,
513 1652 613 1701 vestra
627 1650 692 1714 est,
712 1640 869 1700 subducite
883 1660 995 1719 naves;

161 1722 240 1792 Tros
253 1735 416 1812 Tyriusque
430 1735 502 1794 mihi
517 1736 601 1794 nullo
615 1733 786 1794 discrimine
800 1743 910 1811 agetur.

168 1821 261 1900 Atque
274 1828 386 1886 utinam
400 1848 451 1887 rex
465 1829 530 1905 ipse
545 1830 628 1888 Noto
643 1826 816 1904 compulsus
829 1826 937 1887 eodem
1101 1852 1138 1894 sn

170 1914 275 1979 Atoret
287 1922 426 1981 Aeneasl
449 1920 597 1998 Equidem
611 1939 665 1998 per
678 1921 764 1981 litora
777 1930 875 1979 certos

172 1999 314 2071 Ilinittam
328 2023 359 2073 et
373 2014 486 2092 Libyae
499 2014 624 2075 lustrare
638 2024 770 2074 extrema
788 2010 912 2088 jubebo,

169 2095 310 2179 siquibus
324 2107 438 2182 ejectus
452 2107 533 2166 silvis
547 2118 598 2168 aut
610 2108 733 2167 urbibus
748 2115 833 2165 errat.

215 2196 261 2257 llis
273 2198 404 2258 animum
418 2200 524 2260 arrecti
537 2200 626 2260 dictis
640 2210 670 2260 et
684 2200 768 2259 sortis
784 2198 917 2259 Achates

176 2279 213 2344 Et
222 2300 294 2365 pater
308 2294 429 2352 Aeneas
447 2293 621 2370 jamdudum
635 2310 790 2370 emmpere
805 2292 915 2351 nubem
1101 2308 1139 2361 μὴ

180 2378 322 2442 Ardebant.
367 2385 450 2444 Prior
464 2388 587 2445 Aenean
602 2386 761 2462 compellat
777 2386 929 2444 Achates:

179 2468 243 2532 ihre
256 2477 318 2549 dea,
334 2497 411 2554 quae
426 2497 505 2538 nunc
519 2478 618 2538 animo
632 2479 780 2538 sententia
794 2478 907 2556 surgit?

178 2562 271 2627 onnia
285 2580 347 2629 tuta
359 2571 453 2643 vides,
468 2573 595 2631 classem
610 2572 768 2648 sociosque
782 2581 926 2648 receptos.

185 2653 252 2720 llnus
265 2663 355 2736 abest,
371 2665 471 2723 medio
486 2665 515 2722 in
530 2664 620 2724 lluctu
634 2683 722 2741 quern
737 2665 864 2723 vidimus
879 2664 935 2741 ipsi

185 2748 350 2814 Submersum
362 2779 371 2830 ;
392 2756 477 2816 dictis
492 2758 674 2834 respondent
688 2768 787 2818 cetera
801 2758 910 2817 matris.
993 2820 995 2824 Α
1100 2774 1137 2825 ses
1223 2820 1227 2828 ,

187 2838 229 2901 Vn
238 2866 271 2905 ea
283 2848 358 2908 satus
373 2861 444 2922 erat,
459 2869 549 2926 quum
563 2852 740 2911 circumfusa
753 2862 875 2929 repente

189 2934 276 2999 Scindit
289 2960 320 3001 se
335 2944 430 3001 nubes
445 2953 475 3002 et
489 2944 518 3002 in
533 2946 653 3004 aethera
666 2955 772 3023 purgat
786 2955 929 3022 apertum.

192 3026 284 3093 Restitit
298 3036 419 3095 Aeneas
431 3037 570 3113 claraque
584 3038 614 3096 in
629 3038 695 3097 luce
710 3037 830 3111 refulsit,

189 3118 220 3179 Os
229 3125 416 3204 humerosque
431 3129 489 3188 deo
503 3130 627 3204 similis,
647 3150 776 3207 namque
791 3131 856 3207 ipsa
869 3130 1009 3189 decoram
1173 3206 1177 3215 1

188 3212 328 3279 Caesariem
343 3232 415 3280 nato
428 3222 562 3299 genetrix
577 3223 736 3299 lumenque
755 3225 896 3299 juventae
1100 3249 1138 3290 sno

188 3305 342 3385 Purpureum
356 3323 387 3372 et
403 3315 496 3373 laetos
510 3315 604 3374 oculis
619 3316 730 3375 afflarat
744 3316 893 3374 honores:

184 3397 259 3472 Quale
272 3425 374 3465 manus
388 3405 504 3465 addunt
518 3407 600 3467 ebori
615 3408 716 3481 decus,
731 3419 782 3467 aut
796 3408 845 3466 ubi
860 3408 937 3468 flavo

184 3494 323 3573 Argentum
339 3498 479 3558 Pariusve
493 3498 568 3576 lapis
582 3501 781 3560 circumdatur
795 3520 875 3561 auro.

179 3584 242 3647 'ium
254 3590 295 3650 sic
308 3590 439 3668 reginam
453 3592 620 3668 alloquitur,
636 3594 809 3669 cunctisque
824 3604 947 3671 repente

176 3681 333 3758 inprovisus
349 3685 407 3743 ait:
428 3684 547 3758 Coram,
563 3705 651 3762 quern
666 3687 814 3762 quaeritis,
830 3687 945 3762 adsum,
1101 3716 1137 3756 293

173 3774 267 3835 Troius
280 3779 408 3849 Aeneas,
424 3776 543 3855 Libycis
558 3790 677 3855 ereptus
692 3779 841 3838 abundis.

167 3870 191 3927 0
205 3870 268 3927 sola
283 3869 419 3928 infandos
433 3870 542 3945 Trojae
556 3871 696 3930 miserata
710 3871 836 3944 labores,

162 3964 245 4038 Quae
259 3982 325 4035 nos,
341 3961 481 4039 reliquias
496 3964 642 4037 Danaum,
658 3975 813 4041 terraeque
828 3963 977 4042 marisque

157 4056 308 4117 Omnibus
321 4056 481 4115 exhaustos
499 4056 561 4134 jam
575 4057 702 4132 casibus,
718 4058 850 4117 omniurn
865 4077 987 4137 egenos,

158 4152 249 4224 Urbe,
266 4149 369 4223 domo,
384 4148 491 4223 socias,
505 4159 605 4228 grates
618 4150 788 4228 persolvere
801 4151 908 4231 dignas
1098 4164 1137 4205 σω

439 4252 454 4292 s
