<?xml version="1.0" encoding="UTF-8"?>
<!DOCTYPE html PUBLIC "-//W3C//DTD XHTML 1.0 Transitional//EN"
    "http://www.w3.org/TR/xhtml1/DTD/xhtml1-transitional.dtd">
<html xmlns="http://www.w3.org/1999/xhtml" xml:lang="en" lang="en">
 <head>
  <title>
</title>
<meta http-equiv="Content-Type" content="text/html;charset=utf-8" />
  <meta name='ocr-system' content='tesseract 3.04.00' />
  <meta name='ocr-capabilities' content='ocr_page ocr_carea ocr_par ocr_line ocrx_word'/>
</head>
<body>
  <div class='ocr_page' id='page_1' title='image "ahandbooklatinp00marogoog_0060.png"; bbox 0 0 2610 4926; ppageno 0'>
   <div class='ocr_carea' id='block_1_1' title="bbox 476 687 831 733">
    <p class='ocr_par' dir='ltr' id='par_1_1' title="bbox 476 687 831 733">
     <span class='ocr_line' id='line_1_1' title="bbox 476 687 831 733; baseline 0 -1"><span class='ocrx_word' id='word_1_1' title='bbox 476 687 686 733; x_wconf 68' lang='lat' dir='ltr'>munuera.</span> <span class='ocrx_word' id='word_1_2' title='bbox 709 688 768 732; x_wconf 78' lang='lat' dir='ltr'>ua.</span> <span class='ocrx_word' id='word_1_3' title='bbox 790 688 831 732; x_wconf 81' lang='lat' dir='ltr'>Vl.</span> 
     </span>
    </p>
   </div>
   <div class='ocr_carea' id='block_1_2' title="bbox 158 832 1144 4167">
    <p class='ocr_par' dir='ltr' id='par_1_2' title="bbox 182 832 940 911">
     <span class='ocr_line' id='line_1_2' title="bbox 182 832 940 911; baseline 0 -18"><span class='ocrx_word' id='word_1_4' title='bbox 182 834 309 893; x_wconf 82' lang='lat' dir='ltr'><strong>Latonam</strong></span> <span class='ocrx_word' id='word_1_5' title='bbox 323 834 473 911; x_wconf 76' lang='lat' dir='ltr'>praeferre</span> <span class='ocrx_word' id='word_1_6' title='bbox 485 833 569 907; x_wconf 87' lang='lat' dir='ltr'>mihi,</span> <span class='ocrx_word' id='word_1_7' title='bbox 583 833 632 893; x_wconf 93' lang='lat' dir='ltr'>cui</span> <span class='ocrx_word' id='word_1_8' title='bbox 645 832 775 893; x_wconf 84' lang='lat' dir='ltr'>maxima</span> <span class='ocrx_word' id='word_1_9' title='bbox 788 832 940 910; x_wconf 80' lang='lat' dir='ltr'>quandam</span> 
     </span>
    </p>

    <p class='ocr_par' dir='ltr' id='par_1_3' title="bbox 179 924 834 1007">
     <span class='ocr_line' id='line_1_3' title="bbox 179 924 834 1007; baseline 0 -21"><span class='ocrx_word' id='word_1_10' title='bbox 179 928 308 1007; x_wconf 75' lang='lat' dir='ltr'>Exiguam</span> <span class='ocrx_word' id='word_1_11' title='bbox 322 927 427 986; x_wconf 86' lang='lat' dir='ltr'>sedem</span> <span class='ocrx_word' id='word_1_12' title='bbox 436 924 589 1004; x_wconf 83' lang='lat' dir='ltr'>&#39;pariturae</span> <span class='ocrx_word' id='word_1_13' title='bbox 603 936 682 986; x_wconf 88' lang='lat' dir='ltr'>terra</span> <span class='ocrx_word' id='word_1_14' title='bbox 696 926 834 1005; x_wconf 83' lang='lat' dir='ltr'>negavit?</span> 
     </span>
    </p>

    <p class='ocr_par' dir='ltr' id='par_1_4' title="bbox 173 1020 1071 1190">
     <span class='ocr_line' id='line_1_4' title="bbox 175 1020 1071 1096; baseline 0.001 -18"><span class='ocrx_word' id='word_1_15' title='bbox 175 1021 232 1080; x_wconf 88' lang='lat' dir='ltr'>Nec</span> <span class='ocrx_word' id='word_1_16' title='bbox 245 1021 328 1080; x_wconf 91' lang='lat' dir='ltr'>coelo</span> <span class='ocrx_word' id='word_1_17' title='bbox 341 1038 399 1078; x_wconf 90' lang='lat' dir='ltr'>nec</span> <span class='ocrx_word' id='word_1_18' title='bbox 414 1021 507 1079; x_wconf 88' lang='lat' dir='ltr'>humo</span> <span class='ocrx_word' id='word_1_19' title='bbox 520 1038 577 1079; x_wconf 88' lang='lat' dir='ltr'>nec</span> <span class='ocrx_word' id='word_1_20' title='bbox 591 1020 676 1095; x_wconf 87' lang='lat' dir='ltr'>aquis</span> <span class='ocrx_word' id='word_1_21' title='bbox 689 1020 747 1078; x_wconf 88' lang='lat' dir='ltr'>dea</span> <span class='ocrx_word' id='word_1_22' title='bbox 759 1030 857 1079; x_wconf 85' lang='lat' dir='ltr'>vestra</span> <span class='ocrx_word' id='word_1_23' title='bbox 869 1025 991 1096; x_wconf 88' lang='lat' dir='ltr'>recepta</span> <span class='ocrx_word' id='word_1_24' title='bbox 1003 1026 1071 1094; x_wconf 85' lang='lat' dir='ltr'>est;</span> 
     </span>
     <span class='ocr_line' id='line_1_5' title="bbox 173 1111 902 1190; baseline -0.004 -17"><span class='ocrx_word' id='word_1_25' title='bbox 173 1114 240 1172; x_wconf 76' lang='lat' dir='ltr'>llxrd</span> <span class='ocrx_word' id='word_1_26' title='bbox 254 1125 316 1173; x_wconf 87' lang='lat' dir='ltr'>erat</span> <span class='ocrx_word' id='word_1_27' title='bbox 329 1111 444 1185; x_wconf 91' lang='lat' dir='ltr'>mundi,</span> <span class='ocrx_word' id='word_1_28' title='bbox 459 1112 566 1184; x_wconf 89' lang='lat' dir='ltr'>donec,</span> <span class='ocrx_word' id='word_1_29' title='bbox 580 1113 722 1171; x_wconf 87' lang='lat' dir='ltr'>miserata</span> <span class='ocrx_word' id='word_1_30' title='bbox 733 1121 902 1190; x_wconf 85' lang='lat' dir='ltr'>vagantem,</span> 
     </span>
    </p>

    <p class='ocr_par' dir='ltr' id='par_1_5' title="bbox 169 1204 1144 1375">
     <span class='ocr_line' id='line_1_6' title="bbox 171 1204 1144 1284; baseline -0.006 -18"><span class='ocrx_word' id='word_1_31' title='bbox 171 1207 294 1284; x_wconf 80' lang='lat' dir='ltr'><strong>Hospita</strong></span> <span class='ocrx_word' id='word_1_32' title='bbox 309 1216 340 1265; x_wconf 92' lang='lat' dir='ltr'>tu</span> <span class='ocrx_word' id='word_1_33' title='bbox 355 1205 441 1265; x_wconf 86' lang='lat' dir='ltr'>terris</span> <span class='ocrx_word' id='word_1_34' title='bbox 454 1223 555 1279; x_wconf 87' lang='lat' dir='ltr'>erras;</span> <span class='ocrx_word' id='word_1_35' title='bbox 575 1223 641 1283; x_wconf 84' lang='lat' dir='ltr'>ego,</span> <span class='ocrx_word' id='word_1_36' title='bbox 656 1204 740 1277; x_wconf 89' lang='lat' dir='ltr'>dixit,</span> <span class='ocrx_word' id='word_1_37' title='bbox 754 1204 785 1263; x_wconf 93' lang='lat' dir='ltr'>in</span> <span class='ocrx_word' id='word_1_38' title='bbox 798 1204 906 1264; x_wconf 92' lang='lat' dir='ltr'>undisl</span> <span class='ocrx_word' id='word_1_39' title='bbox 1106 1231 1144 1271; x_wconf 65' lang='grc' dir='ltr'>ιφ</span> 
     </span>
     <span class='ocr_line' id='line_1_7' title="bbox 169 1297 972 1375; baseline -0.002 -18"><span class='ocrx_word' id='word_1_40' title='bbox 169 1299 401 1375; x_wconf 86' lang='lat' dir='ltr'>instabilemque</span> <span class='ocrx_word' id='word_1_41' title='bbox 416 1298 515 1358; x_wconf 89' lang='lat' dir='ltr'>locum</span> <span class='ocrx_word' id='word_1_42' title='bbox 531 1298 625 1356; x_wconf 89' lang='lat' dir='ltr'>Delos</span> <span class='ocrx_word' id='word_1_43' title='bbox 639 1297 731 1357; x_wconf 85' lang='lat' dir='ltr'>dedit</span> <span class='ocrx_word' id='word_1_44' title='bbox 774 1297 832 1356; x_wconf 88' lang='lat' dir='ltr'>Illa</span> <span class='ocrx_word' id='word_1_45' title='bbox 844 1298 972 1356; x_wconf 92' lang='lat' dir='ltr'>duorum</span> 
     </span>
    </p>

    <p class='ocr_par' dir='ltr' id='par_1_6' title="bbox 168 1387 981 1469">
     <span class='ocr_line' id='line_1_8' title="bbox 168 1387 981 1469; baseline -0.002 -19"><span class='ocrx_word' id='word_1_46' title='bbox 168 1393 253 1452; x_wconf 81' lang='lat' dir='ltr'>Facta</span> <span class='ocrx_word' id='word_1_47' title='bbox 266 1410 376 1469; x_wconf 86' lang='lat' dir='ltr'>parens</span> <span class='ocrx_word' id='word_1_48' title='bbox 389 1414 395 1451; x_wconf 95' lang='lat'><strong>:</strong></span> <span class='ocrx_word' id='word_1_49' title='bbox 416 1390 492 1450; x_wconf 87' lang='lat' dir='ltr'>uteri</span> <span class='ocrx_word' id='word_1_50' title='bbox 505 1409 575 1467; x_wconf 85' lang='lat' dir='ltr'>pars</span> <span class='ocrx_word' id='word_1_51' title='bbox 589 1391 664 1449; x_wconf 88' lang='lat' dir='ltr'>haec</span> <span class='ocrx_word' id='word_1_52' title='bbox 678 1399 723 1448; x_wconf 87' lang='lat' dir='ltr'>est</span> <span class='ocrx_word' id='word_1_53' title='bbox 737 1390 865 1466; x_wconf 90' lang='lat' dir='ltr'>septima</span> <span class='ocrx_word' id='word_1_54' title='bbox 877 1387 981 1448; x_wconf 87' lang='lat' dir='ltr'><strong>nostri.</strong></span> 
     </span>
    </p>

    <p class='ocr_par' dir='ltr' id='par_1_7' title="bbox 167 1482 1047 1561">
     <span class='ocr_line' id='line_1_9' title="bbox 167 1482 1047 1561; baseline -0.002 -17"><span class='ocrx_word' id='word_1_55' title='bbox 167 1485 233 1544; x_wconf 89' lang='lat' dir='ltr'>Sum</span> <span class='ocrx_word' id='word_1_56' title='bbox 247 1486 336 1544; x_wconf 79' lang='lat' dir='ltr'>felix:</span> <span class='ocrx_word' id='word_1_57' title='bbox 357 1485 425 1561; x_wconf 84' lang='lat' dir='ltr'>quis</span> <span class='ocrx_word' id='word_1_58' title='bbox 438 1483 519 1542; x_wconf 89' lang='lat' dir='ltr'>enirn</span> <span class='ocrx_word' id='word_1_59' title='bbox 533 1491 623 1560; x_wconf 84' lang='lat' dir='ltr'>neget</span> <span class='ocrx_word' id='word_1_60' title='bbox 636 1483 714 1541; x_wconf 80' lang='lat' dir='ltr'>hoc?</span> <span class='ocrx_word' id='word_1_61' title='bbox 734 1482 862 1558; x_wconf 82' lang='lat' dir='ltr'>felixque</span> <span class='ocrx_word' id='word_1_62' title='bbox 876 1483 1014 1542; x_wconf 90' lang='lat' dir='ltr'>manebo.</span> <span class='ocrx_word' id='word_1_63' title='bbox 1045 1546 1047 1550; x_wconf 10' lang='grc' dir='ltr'><em>Α</em></span> 
     </span>
    </p>

    <p class='ocr_par' dir='ltr' id='par_1_8' title="bbox 166 1573 1014 1655">
     <span class='ocr_line' id='line_1_10' title="bbox 166 1573 1014 1655; baseline -0.005 -17"><span class='ocrx_word' id='word_1_64' title='bbox 166 1578 233 1638; x_wconf 86' lang='lat' dir='ltr'>Hoc</span> <span class='ocrx_word' id='word_1_65' title='bbox 246 1597 367 1655; x_wconf 91' lang='lat' dir='ltr'>quoque</span> <span class='ocrx_word' id='word_1_66' title='bbox 382 1578 449 1654; x_wconf 89' lang='lat' dir='ltr'>quis</span> <span class='ocrx_word' id='word_1_67' title='bbox 463 1576 599 1636; x_wconf 85' lang='lat' dir='ltr'>dubitet?</span> <span class='ocrx_word' id='word_1_68' title='bbox 639 1576 748 1634; x_wconf 88' lang='lat' dir='ltr'>Tutam</span> <span class='ocrx_word' id='word_1_69' title='bbox 763 1594 812 1634; x_wconf 91' lang='lat' dir='ltr'>me</span> <span class='ocrx_word' id='word_1_70' title='bbox 826 1575 913 1651; x_wconf 88' lang='lat' dir='ltr'>copia</span> <span class='ocrx_word' id='word_1_71' title='bbox 925 1573 1014 1634; x_wconf 83' lang='lat' dir='ltr'>lecit:</span> 
     </span>
    </p>

    <p class='ocr_par' dir='ltr' id='par_1_9' title="bbox 165 1669 1141 1842">
     <span class='ocr_line' id='line_1_11' title="bbox 166 1669 1141 1751; baseline -0.002 -22"><span class='ocrx_word' id='word_1_72' title='bbox 166 1671 259 1751; x_wconf 84' lang='lat' dir='ltr'>Major</span> <span class='ocrx_word' id='word_1_73' title='bbox 273 1690 350 1743; x_wconf 90' lang='lat' dir='ltr'>sum,</span> <span class='ocrx_word' id='word_1_74' title='bbox 365 1689 454 1746; x_wconf 88' lang='lat' dir='ltr'>quam</span> <span class='ocrx_word' id='word_1_75' title='bbox 469 1670 517 1728; x_wconf 91' lang='lat' dir='ltr'>cui</span> <span class='ocrx_word' id='word_1_76' title='bbox 531 1669 629 1747; x_wconf 85' lang='lat' dir='ltr'>possit</span> <span class='ocrx_word' id='word_1_77' title='bbox 643 1670 775 1727; x_wconf 86' lang='lat' dir='ltr'>Fortuna</span> <span class='ocrx_word' id='word_1_78' title='bbox 789 1686 917 1742; x_wconf 91' lang='lat' dir='ltr'>nocere;</span> <span class='ocrx_word' id='word_1_79' title='bbox 1104 1693 1141 1733; x_wconf 77' lang='lat' dir='ltr'>ns</span> 
     </span>
     <span class='ocr_line' id='line_1_12' title="bbox 165 1761 958 1842; baseline -0.005 -19"><span class='ocrx_word' id='word_1_80' title='bbox 165 1765 317 1842; x_wconf 86' lang='lat' dir='ltr'>Multaque</span> <span class='ocrx_word' id='word_1_81' title='bbox 332 1774 366 1823; x_wconf 92' lang='lat' dir='ltr'>ut</span> <span class='ocrx_word' id='word_1_82' title='bbox 380 1762 493 1840; x_wconf 87' lang='lat' dir='ltr'>eripiat,</span> <span class='ocrx_word' id='word_1_83' title='bbox 509 1764 602 1822; x_wconf 90' lang='lat' dir='ltr'>multo</span> <span class='ocrx_word' id='word_1_84' title='bbox 617 1761 690 1820; x_wconf 88' lang='lat' dir='ltr'>mihi</span> <span class='ocrx_word' id='word_1_85' title='bbox 704 1762 790 1838; x_wconf 92' lang='lat' dir='ltr'>plura</span> <span class='ocrx_word' id='word_1_86' title='bbox 803 1761 958 1836; x_wconf 81' lang='lat' dir='ltr'>relinquet</span> 
     </span>
    </p>

    <p class='ocr_par' dir='ltr' id='par_1_10' title="bbox 165 1852 974 1934">
     <span class='ocr_line' id='line_1_13' title="bbox 165 1852 974 1934; baseline -0.004 -19"><span class='ocrx_word' id='word_1_87' title='bbox 165 1857 325 1917; x_wconf 80' lang='lat' dir='ltr'>Excessere</span> <span class='ocrx_word' id='word_1_88' title='bbox 340 1867 452 1914; x_wconf 90' lang='lat' dir='ltr'>metum</span> <span class='ocrx_word' id='word_1_89' title='bbox 467 1875 534 1914; x_wconf 87' lang='lat' dir='ltr'>mea</span> <span class='ocrx_word' id='word_1_90' title='bbox 551 1856 614 1934; x_wconf 84' lang='lat' dir='ltr'>J&#39;am</span> <span class='ocrx_word' id='word_1_91' title='bbox 628 1855 716 1914; x_wconf 82' lang='lat' dir='ltr'>bona</span> <span class='ocrx_word' id='word_1_92' title='bbox 762 1853 878 1930; x_wconf 89' lang='lat' dir='ltr'>Fingite</span> <span class='ocrx_word' id='word_1_93' title='bbox 892 1852 974 1912; x_wconf 90' lang='lat' dir='ltr'>demi</span> 
     </span>
    </p>

    <p class='ocr_par' dir='ltr' id='par_1_11' title="bbox 164 1950 912 2026">
     <span class='ocr_line' id='line_1_14' title="bbox 164 1950 912 2026; baseline -0.005 -17"><span class='ocrx_word' id='word_1_94' title='bbox 164 1950 242 2010; x_wconf 86' lang='lat' dir='ltr'>Huic</span> <span class='ocrx_word' id='word_1_95' title='bbox 256 1950 370 2026; x_wconf 90' lang='lat' dir='ltr'>aliquid</span> <span class='ocrx_word' id='word_1_96' title='bbox 386 1950 499 2026; x_wconf 94' lang='lat' dir='ltr'>populo</span> <span class='ocrx_word' id='word_1_97' title='bbox 513 1960 648 2009; x_wconf 89' lang='lat' dir='ltr'>natorum</span> <span class='ocrx_word' id='word_1_98' title='bbox 664 1967 754 2026; x_wconf 89' lang='lat' dir='ltr'>posse</span> <span class='ocrx_word' id='word_1_99' title='bbox 769 1966 912 2019; x_wconf 92' lang='lat' dir='ltr'>meorum,</span> 
     </span>
    </p>

    <p class='ocr_par' dir='ltr' id='par_1_12' title="bbox 164 2040 1141 2305">
     <span class='ocr_line' id='line_1_15' title="bbox 164 2040 987 2120; baseline -0.002 -20"><span class='ocrx_word' id='word_1_100' title='bbox 164 2043 230 2101; x_wconf 88' lang='lat' dir='ltr'>Non</span> <span class='ocrx_word' id='word_1_101' title='bbox 245 2054 350 2102; x_wconf 87' lang='lat' dir='ltr'>tamen</span> <span class='ocrx_word' id='word_1_102' title='bbox 363 2042 403 2101; x_wconf 86' lang='lat' dir='ltr'>ad</span> <span class='ocrx_word' id='word_1_103' title='bbox 417 2061 572 2101; x_wconf 88' lang='lat' dir='ltr'>numerum</span> <span class='ocrx_word' id='word_1_104' title='bbox 587 2042 705 2120; x_wconf 88' lang='lat' dir='ltr'>redigar</span> <span class='ocrx_word' id='word_1_105' title='bbox 719 2041 847 2117; x_wconf 90' lang='lat' dir='ltr'>spoliata</span> <span class='ocrx_word' id='word_1_106' title='bbox 860 2040 987 2098; x_wconf 93' lang='lat' dir='ltr'>duorum</span> 
     </span>
     <span class='ocr_line' id='line_1_16' title="bbox 164 2129 1141 2218; baseline -0.005 -23"><span class='ocrx_word' id='word_1_107' title='bbox 164 2131 315 2218; x_wconf 79' lang='lat' dir='ltr'>[latonae</span> <span class='ocrx_word' id='word_1_108' title='bbox 359 2135 462 2216; x_wconf 87' lang='lat' dir='ltr'>Turba</span> <span class='ocrx_word' id='word_1_109' title='bbox 476 2154 551 2211; x_wconf 89' lang='lat' dir='ltr'>quae</span> <span class='ocrx_word' id='word_1_110' title='bbox 566 2145 709 2211; x_wconf 91' lang='lat' dir='ltr'>quantum</span> <span class='ocrx_word' id='word_1_111' title='bbox 725 2135 816 2193; x_wconf 90' lang='lat' dir='ltr'>distat</span> <span class='ocrx_word' id='word_1_112' title='bbox 830 2133 869 2191; x_wconf 95' lang='lat' dir='ltr'>ab</span> <span class='ocrx_word' id='word_1_113' title='bbox 883 2129 994 2213; x_wconf 71' lang='lat' dir='ltr'>orbat]</span> <span class='ocrx_word' id='word_1_114' title='bbox 1102 2160 1141 2190; x_wconf 72' lang='lat' dir='ltr'>m</span> 
     </span>
     <span class='ocr_line' id='line_1_17' title="bbox 165 2225 927 2305; baseline -0.004 -19"><span class='ocrx_word' id='word_1_115' title='bbox 165 2229 207 2287; x_wconf 90' lang='lat' dir='ltr'>lte</span> <span class='ocrx_word' id='word_1_116' title='bbox 221 2229 323 2301; x_wconf 87' lang='lat' dir='ltr'>sacris,</span> <span class='ocrx_word' id='word_1_117' title='bbox 340 2238 495 2305; x_wconf 88' lang='lat' dir='ltr'>properate</span> <span class='ocrx_word' id='word_1_118' title='bbox 506 2228 607 2301; x_wconf 89' lang='lat' dir='ltr'>sacris,</span> <span class='ocrx_word' id='word_1_119' title='bbox 623 2229 796 2303; x_wconf 88' lang='lat' dir='ltr'>laurumque</span> <span class='ocrx_word' id='word_1_120' title='bbox 811 2225 927 2302; x_wconf 87' lang='lat' dir='ltr'>capillis</span> 
     </span>
    </p>

    <p class='ocr_par' dir='ltr' id='par_1_13' title="bbox 165 2320 970 2397">
     <span class='ocr_line' id='line_1_18' title="bbox 165 2320 970 2397; baseline -0.002 -19"><span class='ocrx_word' id='word_1_121' title='bbox 165 2322 265 2380; x_wconf 90' lang='lat' dir='ltr'>Ponite</span> <span class='ocrx_word' id='word_1_122' title='bbox 276 2326 283 2379; x_wconf 83' lang='lat' dir='ltr'>l</span> <span class='ocrx_word' id='word_1_123' title='bbox 294 2355 336 2364; x_wconf 93' lang='lat'><em>-</em></span> <span class='ocrx_word' id='word_1_124' title='bbox 348 2323 512 2397; x_wconf 88' lang='lat' dir='ltr'>Deponunt</span> <span class='ocrx_word' id='word_1_125' title='bbox 526 2330 556 2380; x_wconf 92' lang='lat' dir='ltr'>et</span> <span class='ocrx_word' id='word_1_126' title='bbox 570 2340 654 2379; x_wconf 90' lang='lat' dir='ltr'>sacra</span> <span class='ocrx_word' id='word_1_127' title='bbox 667 2320 776 2379; x_wconf 88' lang='lat' dir='ltr'>insecta</span> <span class='ocrx_word' id='word_1_128' title='bbox 790 2320 970 2394; x_wconf 82' lang='lat' dir='ltr'>relinquunt,</span> 
     </span>
    </p>

    <p class='ocr_par' dir='ltr' id='par_1_14' title="bbox 164 2413 1126 2585">
     <span class='ocr_line' id='line_1_19' title="bbox 164 2413 1126 2490; baseline 0.001 -19"><span class='ocrx_word' id='word_1_129' title='bbox 164 2413 309 2490; x_wconf 88' lang='lat' dir='ltr'>Quodque</span> <span class='ocrx_word' id='word_1_130' title='bbox 325 2414 404 2486; x_wconf 88' lang='lat' dir='ltr'>licet,</span> <span class='ocrx_word' id='word_1_131' title='bbox 420 2414 510 2472; x_wconf 89' lang='lat' dir='ltr'>tacito</span> <span class='ocrx_word' id='word_1_132' title='bbox 525 2423 702 2473; x_wconf 90' lang='lat' dir='ltr'>venerantur</span> <span class='ocrx_word' id='word_1_133' title='bbox 716 2431 864 2471; x_wconf 89' lang='lat' dir='ltr'>murmure</span> <span class='ocrx_word' id='word_1_134' title='bbox 880 2430 1000 2472; x_wconf 81' lang='lat' dir='ltr'>numen.</span> <span class='ocrx_word' id='word_1_135' title='bbox 1054 2480 1057 2484; x_wconf 47' lang='grc'>,</span> <span class='ocrx_word' id='word_1_136' title='bbox 1124 2482 1126 2485; x_wconf 12' lang='lat' dir='ltr'>v</span> 
     </span>
     <span class='ocr_line' id='line_1_20' title="bbox 165 2506 948 2585; baseline -0.001 -20"><span class='ocrx_word' id='word_1_137' title='bbox 165 2509 321 2585; x_wconf 85' lang='lat' dir='ltr'>Indignata</span> <span class='ocrx_word' id='word_1_138' title='bbox 335 2507 393 2566; x_wconf 90' lang='lat' dir='ltr'>dea</span> <span class='ocrx_word' id='word_1_139' title='bbox 407 2516 461 2579; x_wconf 85' lang='lat' dir='ltr'>est,</span> <span class='ocrx_word' id='word_1_140' title='bbox 477 2525 652 2583; x_wconf 91' lang='lat' dir='ltr'>summoque</span> <span class='ocrx_word' id='word_1_141' title='bbox 668 2506 697 2565; x_wconf 93' lang='lat' dir='ltr'>in</span> <span class='ocrx_word' id='word_1_142' title='bbox 712 2506 820 2565; x_wconf 90' lang='lat' dir='ltr'>vertice</span> <span class='ocrx_word' id='word_1_143' title='bbox 836 2506 948 2584; x_wconf 87' lang='lat' dir='ltr'>Cynthi</span> 
     </span>
    </p>

    <p class='ocr_par' dir='ltr' id='par_1_15' title="bbox 163 2599 1139 2771">
     <span class='ocr_line' id='line_1_21' title="bbox 163 2599 1139 2677; baseline 0.004 -20"><span class='ocrx_word' id='word_1_144' title='bbox 163 2600 282 2659; x_wconf 85' lang='lat' dir='ltr'>Talibus</span> <span class='ocrx_word' id='word_1_145' title='bbox 297 2611 344 2660; x_wconf 91' lang='lat' dir='ltr'>est</span> <span class='ocrx_word' id='word_1_146' title='bbox 358 2600 446 2659; x_wconf 88' lang='lat' dir='ltr'>dictis</span> <span class='ocrx_word' id='word_1_147' title='bbox 459 2601 579 2677; x_wconf 88' lang='lat' dir='ltr'>gemina</span> <span class='ocrx_word' id='word_1_148' title='bbox 593 2618 661 2658; x_wconf 90' lang='lat' dir='ltr'>cum</span> <span class='ocrx_word' id='word_1_149' title='bbox 676 2599 758 2675; x_wconf 90' lang='lat' dir='ltr'>prole</span> <span class='ocrx_word' id='word_1_150' title='bbox 773 2601 889 2659; x_wconf 89' lang='lat' dir='ltr'>locuta:</span> <span class='ocrx_word' id='word_1_151' title='bbox 1101 2622 1139 2661; x_wconf 70' lang='grc' dir='ltr'>ωε</span> 
     </span>
     <span class='ocr_line' id='line_1_22' title="bbox 165 2693 914 2771; baseline 0.001 -20"><span class='ocrx_word' id='word_1_152' title='bbox 165 2693 206 2751; x_wconf 83' lang='lat' dir='ltr'>En</span> <span class='ocrx_word' id='word_1_153' title='bbox 221 2713 286 2771; x_wconf 87' lang='lat' dir='ltr'>eg0‚</span> <span class='ocrx_word' id='word_1_154' title='bbox 303 2703 402 2753; x_wconf 89' lang='lat' dir='ltr'>vestra</span> <span class='ocrx_word' id='word_1_155' title='bbox 416 2712 533 2769; x_wconf 88' lang='lat' dir='ltr'>parens,</span> <span class='ocrx_word' id='word_1_156' title='bbox 548 2693 634 2751; x_wconf 92' lang='lat' dir='ltr'>vobis</span> <span class='ocrx_word' id='word_1_157' title='bbox 649 2694 785 2751; x_wconf 90' lang='lat' dir='ltr'>animosa</span> <span class='ocrx_word' id='word_1_158' title='bbox 798 2694 914 2765; x_wconf 68' lang='lat' dir='ltr'>creatis</span> 
     </span>
    </p>

    <p class='ocr_par' dir='ltr' id='par_1_16' title="bbox 165 2785 765 2862">
     <span class='ocr_line' id='line_1_23' title="bbox 165 2785 765 2862; baseline 0 -19"><span class='ocrx_word' id='word_1_159' title='bbox 165 2785 199 2843; x_wconf 89' lang='lat' dir='ltr'>Et</span> <span class='ocrx_word' id='word_1_160' title='bbox 212 2787 269 2845; x_wconf 90' lang='lat' dir='ltr'>nisi</span> <span class='ocrx_word' id='word_1_161' title='bbox 283 2786 397 2862; x_wconf 87' lang='lat' dir='ltr'>Junoni</span> <span class='ocrx_word' id='word_1_162' title='bbox 412 2786 486 2844; x_wconf 92' lang='lat' dir='ltr'>nulli</span> <span class='ocrx_word' id='word_1_163' title='bbox 500 2805 619 2845; x_wconf 89' lang='lat' dir='ltr'>cessura</span> <span class='ocrx_word' id='word_1_164' title='bbox 633 2786 765 2858; x_wconf 88' lang='lat' dir='ltr'>dearum,</span> 
     </span>
    </p>

    <p class='ocr_par' dir='ltr' id='par_1_17' title="bbox 165 2868 962 2956">
     <span class='ocr_line' id='line_1_24' title="bbox 165 2868 962 2956; baseline 0 -20"><span class='ocrx_word' id='word_1_165' title='bbox 165 2882 209 2936; x_wconf 87' lang='lat' dir='ltr'>lln</span> <span class='ocrx_word' id='word_1_166' title='bbox 223 2879 280 2937; x_wconf 87' lang='lat' dir='ltr'>dea</span> <span class='ocrx_word' id='word_1_167' title='bbox 294 2879 360 2950; x_wconf 87' lang='lat' dir='ltr'>sim,</span> <span class='ocrx_word' id='word_1_168' title='bbox 376 2879 502 2952; x_wconf 88' lang='lat' dir='ltr'>dubitor,</span> <span class='ocrx_word' id='word_1_169' title='bbox 518 2897 630 2956; x_wconf 90' lang='lat' dir='ltr'>perque</span> <span class='ocrx_word' id='word_1_170' title='bbox 646 2868 747 2938; x_wconf 91' lang='lat' dir='ltr'>omnia</span> <span class='ocrx_word' id='word_1_171' title='bbox 760 2880 861 2938; x_wconf 89' lang='lat' dir='ltr'>secula</span> <span class='ocrx_word' id='word_1_172' title='bbox 874 2877 962 2938; x_wconf 86' lang='lat' dir='ltr'>cultis</span> 
     </span>
    </p>

    <p class='ocr_par' dir='ltr' id='par_1_18' title="bbox 165 2972 817 3045">
     <span class='ocr_line' id='line_1_25' title="bbox 165 2972 817 3045; baseline 0.003 -17"><span class='ocrx_word' id='word_1_173' title='bbox 165 2974 280 3045; x_wconf 77' lang='lat' dir='ltr'>Areeor,</span> <span class='ocrx_word' id='word_1_174' title='bbox 296 2991 316 3030; x_wconf 92' lang='lat' dir='ltr'>o</span> <span class='ocrx_word' id='word_1_175' title='bbox 330 2972 400 3043; x_wconf 87' lang='lat' dir='ltr'>nati,</span> <span class='ocrx_word' id='word_1_176' title='bbox 416 2972 474 3030; x_wconf 91' lang='lat' dir='ltr'>nisi</span> <span class='ocrx_word' id='word_1_177' title='bbox 488 2991 542 3031; x_wconf 85' lang='lat' dir='ltr'>vos</span> <span class='ocrx_word' id='word_1_178' title='bbox 556 2972 735 3045; x_wconf 87' lang='lat' dir='ltr'>succurritis,</span> <span class='ocrx_word' id='word_1_179' title='bbox 750 2972 817 3031; x_wconf 89' lang='lat' dir='ltr'>aris.</span> 
     </span>
    </p>

    <p class='ocr_par' dir='ltr' id='par_1_19' title="bbox 165 3065 831 3124">
     <span class='ocr_line' id='line_1_26' title="bbox 165 3065 831 3124; baseline 0.005 -3"><span class='ocrx_word' id='word_1_180' title='bbox 165 3065 224 3123; x_wconf 87' lang='lat' dir='ltr'>Nec</span> <span class='ocrx_word' id='word_1_181' title='bbox 239 3066 326 3123; x_wconf 91' lang='lat' dir='ltr'>dolor</span> <span class='ocrx_word' id='word_1_182' title='bbox 340 3065 388 3123; x_wconf 91' lang='lat' dir='ltr'>hic</span> <span class='ocrx_word' id='word_1_183' title='bbox 403 3065 502 3123; x_wconf 91' lang='lat' dir='ltr'>solus:</span> <span class='ocrx_word' id='word_1_184' title='bbox 523 3065 588 3124; x_wconf 94' lang='lat' dir='ltr'>diro</span> <span class='ocrx_word' id='word_1_185' title='bbox 603 3066 739 3124; x_wconf 89' lang='lat' dir='ltr'>convicia</span> <span class='ocrx_word' id='word_1_186' title='bbox 752 3066 831 3124; x_wconf 89' lang='lat' dir='ltr'>lacto</span> 
     </span>
    </p>

    <p class='ocr_par' dir='ltr' id='par_1_20' title="bbox 164 3157 990 3236">
     <span class='ocr_line' id='line_1_27' title="bbox 164 3157 990 3236; baseline 0.002 -22"><span class='ocrx_word' id='word_1_187' title='bbox 164 3157 295 3216; x_wconf 83' lang='lat' dir='ltr'>Tantalis</span> <span class='ocrx_word' id='word_1_188' title='bbox 310 3157 429 3236; x_wconf 81' lang='lat' dir='ltr'>adjecit,</span> <span class='ocrx_word' id='word_1_189' title='bbox 444 3177 557 3233; x_wconf 92' lang='lat' dir='ltr'>vosque</span> <span class='ocrx_word' id='word_1_190' title='bbox 572 3169 618 3216; x_wconf 92' lang='lat' dir='ltr'>est</span> <span class='ocrx_word' id='word_1_191' title='bbox 632 3169 813 3234; x_wconf 89' lang='lat' dir='ltr'>postponere</span> <span class='ocrx_word' id='word_1_192' title='bbox 828 3157 907 3216; x_wconf 88' lang='lat' dir='ltr'>natis</span> <span class='ocrx_word' id='word_1_193' title='bbox 986 3184 990 3190; x_wconf 92' lang='lat'><strong>·</strong></span> 
     </span>
    </p>

    <p class='ocr_par' dir='ltr' id='par_1_21' title="bbox 163 3251 953 3328">
     <span class='ocr_line' id='line_1_28' title="bbox 163 3251 953 3328; baseline 0.001 -20"><span class='ocrx_word' id='word_1_194' title='bbox 163 3251 242 3309; x_wconf 83' lang='lat' dir='ltr'>Ausa</span> <span class='ocrx_word' id='word_1_195' title='bbox 256 3251 328 3323; x_wconf 86' lang='lat' dir='ltr'>suis,</span> <span class='ocrx_word' id='word_1_196' title='bbox 344 3261 374 3309; x_wconf 91' lang='lat' dir='ltr'>et</span> <span class='ocrx_word' id='word_1_197' title='bbox 388 3269 445 3323; x_wconf 88' lang='lat' dir='ltr'>me,</span> <span class='ocrx_word' id='word_1_198' title='bbox 461 3251 542 3326; x_wconf 91' lang='lat' dir='ltr'>quod</span> <span class='ocrx_word' id='word_1_199' title='bbox 556 3251 587 3308; x_wconf 91' lang='lat' dir='ltr'>in</span> <span class='ocrx_word' id='word_1_200' title='bbox 602 3251 697 3328; x_wconf 90' lang='lat' dir='ltr'>ipsam</span> <span class='ocrx_word' id='word_1_201' title='bbox 711 3252 832 3323; x_wconf 87' lang='lat' dir='ltr'>recidat,</span> <span class='ocrx_word' id='word_1_202' title='bbox 848 3251 953 3310; x_wconf 91' lang='lat' dir='ltr'>orbam</span> 
     </span>
    </p>

    <p class='ocr_par' dir='ltr' id='par_1_22' title="bbox 163 3341 930 3421">
     <span class='ocr_line' id='line_1_29' title="bbox 163 3341 930 3421; baseline 0.004 -21"><span class='ocrx_word' id='word_1_203' title='bbox 163 3342 251 3415; x_wconf 86' lang='lat' dir='ltr'>Dixit,</span> <span class='ocrx_word' id='word_1_204' title='bbox 267 3362 303 3401; x_wconf 87' lang='lat' dir='ltr'>ex</span> <span class='ocrx_word' id='word_1_205' title='bbox 319 3342 452 3402; x_wconf 85' lang='lat' dir='ltr'>exhibuit</span> <span class='ocrx_word' id='word_1_206' title='bbox 465 3344 596 3421; x_wconf 85' lang='lat' dir='ltr'>linguam</span> <span class='ocrx_word' id='word_1_207' title='bbox 611 3345 754 3403; x_wconf 87' lang='lat' dir='ltr'>scelerata</span> <span class='ocrx_word' id='word_1_208' title='bbox 768 3341 930 3420; x_wconf 84' lang='lat' dir='ltr'>paternam.</span> 
     </span>
    </p>

    <p class='ocr_par' dir='ltr' id='par_1_23' title="bbox 162 3436 847 3514">
     <span class='ocr_line' id='line_1_30' title="bbox 162 3436 847 3514; baseline 0.003 -21"><span class='ocrx_word' id='word_1_209' title='bbox 162 3436 324 3514; x_wconf 87' lang='lat' dir='ltr'>Adjectura</span> <span class='ocrx_word' id='word_1_210' title='bbox 338 3455 443 3512; x_wconf 89' lang='lat' dir='ltr'>preces</span> <span class='ocrx_word' id='word_1_211' title='bbox 458 3448 520 3496; x_wconf 89' lang='lat' dir='ltr'>erat</span> <span class='ocrx_word' id='word_1_212' title='bbox 534 3437 581 3495; x_wconf 90' lang='lat' dir='ltr'>his</span> <span class='ocrx_word' id='word_1_213' title='bbox 596 3437 713 3495; x_wconf 91' lang='lat' dir='ltr'>Latona</span> <span class='ocrx_word' id='word_1_214' title='bbox 727 3438 826 3495; x_wconf 89' lang='lat' dir='ltr'>relatis</span> <span class='ocrx_word' id='word_1_215' title='bbox 838 3459 847 3511; x_wconf 87' lang='lat'>;</span> 
     </span>
    </p>

    <p class='ocr_par' dir='ltr' id='par_1_24' title="bbox 162 3528 1139 3698">
     <span class='ocr_line' id='line_1_31' title="bbox 162 3528 1139 3607; baseline -0.001 -22"><span class='ocrx_word' id='word_1_216' title='bbox 162 3528 292 3587; x_wconf 90' lang='lat' dir='ltr'>Desine:</span> <span class='ocrx_word' id='word_1_217' title='bbox 313 3528 454 3588; x_wconf 90' lang='lat' dir='ltr'>Phoebus</span> <span class='ocrx_word' id='word_1_218' title='bbox 468 3530 517 3602; x_wconf 87' lang='lat' dir='ltr'>ait,</span> <span class='ocrx_word' id='word_1_219' title='bbox 532 3548 647 3606; x_wconf 90' lang='lat' dir='ltr'>poenae</span> <span class='ocrx_word' id='word_1_220' title='bbox 662 3549 745 3588; x_wconf 94' lang='lat' dir='ltr'>mora</span> <span class='ocrx_word' id='word_1_221' title='bbox 759 3531 848 3607; x_wconf 86' lang='lat' dir='ltr'>longa</span> <span class='ocrx_word' id='word_1_222' title='bbox 862 3528 984 3606; x_wconf 84' lang='lat' dir='ltr'>querela</span> <span class='ocrx_word' id='word_1_223' title='bbox 998 3538 1051 3589; x_wconf 86' lang='lat' dir='ltr'>est.</span> <span class='ocrx_word' id='word_1_224' title='bbox 1103 3557 1139 3594; x_wconf 60' lang='grc' dir='ltr'>ιι,</span> 
     </span>
     <span class='ocr_line' id='line_1_32' title="bbox 163 3620 917 3698; baseline 0.003 -19"><span class='ocrx_word' id='word_1_225' title='bbox 163 3620 243 3680; x_wconf 86' lang='lat' dir='ltr'>Dixit</span> <span class='ocrx_word' id='word_1_226' title='bbox 257 3621 336 3680; x_wconf 91' lang='lat' dir='ltr'>idem</span> <span class='ocrx_word' id='word_1_227' title='bbox 352 3622 495 3695; x_wconf 86' lang='lat' dir='ltr'>Phoebe;</span> <span class='ocrx_word' id='word_1_228' title='bbox 515 3623 665 3698; x_wconf 87' lang='lat' dir='ltr'>celerique</span> <span class='ocrx_word' id='word_1_229' title='bbox 679 3642 734 3698; x_wconf 89' lang='lat' dir='ltr'>per</span> <span class='ocrx_word' id='word_1_230' title='bbox 747 3625 816 3681; x_wconf 70' lang='lat' dir='ltr'>aera</span> <span class='ocrx_word' id='word_1_231' title='bbox 831 3624 917 3698; x_wconf 90' lang='lat' dir='ltr'>lapsu</span> 
     </span>
    </p>

    <p class='ocr_par' dir='ltr' id='par_1_25' title="bbox 161 3712 886 3792">
     <span class='ocr_line' id='line_1_33' title="bbox 161 3712 886 3792; baseline 0.001 -20"><span class='ocrx_word' id='word_1_232' title='bbox 161 3713 354 3792; x_wconf 89' lang='lat' dir='ltr'>Contigerant</span> <span class='ocrx_word' id='word_1_233' title='bbox 367 3714 439 3772; x_wconf 87' lang='lat' dir='ltr'>tecti</span> <span class='ocrx_word' id='word_1_234' title='bbox 455 3712 620 3773; x_wconf 85' lang='lat' dir='ltr'>Cadmeida</span> <span class='ocrx_word' id='word_1_235' title='bbox 633 3715 764 3773; x_wconf 89' lang='lat' dir='ltr'>nubibus</span> <span class='ocrx_word' id='word_1_236' title='bbox 780 3733 886 3773; x_wconf 90' lang='lat' dir='ltr'>arcem.</span> 
     </span>
    </p>

    <p class='ocr_par' dir='ltr' id='par_1_26' title="bbox 158 3806 991 3978">
     <span class='ocr_line' id='line_1_34' title="bbox 161 3806 991 3886; baseline 0.006 -24"><span class='ocrx_word' id='word_1_237' title='bbox 161 3806 270 3865; x_wconf 89' lang='lat' dir='ltr'>Planus</span> <span class='ocrx_word' id='word_1_238' title='bbox 285 3818 348 3866; x_wconf 89' lang='lat' dir='ltr'>erat</span> <span class='ocrx_word' id='word_1_239' title='bbox 363 3808 482 3882; x_wconf 88' lang='lat' dir='ltr'>lateque</span> <span class='ocrx_word' id='word_1_240' title='bbox 497 3818 604 3884; x_wconf 90' lang='lat' dir='ltr'>patens</span> <span class='ocrx_word' id='word_1_241' title='bbox 618 3827 711 3884; x_wconf 90' lang='lat' dir='ltr'>prope</span> <span class='ocrx_word' id='word_1_242' title='bbox 726 3808 845 3866; x_wconf 90' lang='lat' dir='ltr'>moenia</span> <span class='ocrx_word' id='word_1_243' title='bbox 859 3827 991 3886; x_wconf 85' lang='lat' dir='ltr'>campus,</span> 
     </span>
     <span class='ocr_line' id='line_1_35' title="bbox 158 3900 863 3978; baseline 0.003 -20"><span class='ocrx_word' id='word_1_244' title='bbox 158 3900 293 3960; x_wconf 82' lang='lat' dir='ltr'>Assiduis</span> <span class='ocrx_word' id='word_1_245' title='bbox 308 3902 446 3978; x_wconf 88' lang='lat' dir='ltr'>pulsatus</span> <span class='ocrx_word' id='word_1_246' title='bbox 460 3900 553 3977; x_wconf 89' lang='lat' dir='ltr'>equis,</span> <span class='ocrx_word' id='word_1_247' title='bbox 569 3901 620 3959; x_wconf 94' lang='lat' dir='ltr'>ubi</span> <span class='ocrx_word' id='word_1_248' title='bbox 635 3902 720 3960; x_wconf 90' lang='lat' dir='ltr'>turba</span> <span class='ocrx_word' id='word_1_249' title='bbox 733 3912 863 3960; x_wconf 89' lang='lat' dir='ltr'>rotarum</span> 
     </span>
    </p>

    <p class='ocr_par' dir='ltr' id='par_1_27' title="bbox 159 3992 1142 4167">
     <span class='ocr_line' id='line_1_36' title="bbox 160 3992 1142 4073; baseline 0.004 -22"><span class='ocrx_word' id='word_1_250' title='bbox 160 3992 299 4070; x_wconf 90' lang='lat' dir='ltr'>Duraque</span> <span class='ocrx_word' id='word_1_251' title='bbox 314 3994 464 4054; x_wconf 90' lang='lat' dir='ltr'>mollierat</span> <span class='ocrx_word' id='word_1_252' title='bbox 478 3995 626 4073; x_wconf 88' lang='lat' dir='ltr'>subjectas</span> <span class='ocrx_word' id='word_1_253' title='bbox 640 3996 751 4071; x_wconf 86' lang='lat' dir='ltr'>ungula</span> <span class='ocrx_word' id='word_1_254' title='bbox 764 3996 877 4073; x_wconf 82' lang='lat' dir='ltr'>glebas</span> <span class='ocrx_word' id='word_1_255' title='bbox 1103 4020 1142 4047; x_wconf 62' lang='grc' dir='ltr'>πω</span> 
     </span>
     <span class='ocr_line' id='line_1_37' title="bbox 159 4085 886 4167; baseline 0.004 -23"><span class='ocrx_word' id='word_1_256' title='bbox 159 4085 229 4146; x_wconf 85' lang='lat' dir='ltr'>Pars</span> <span class='ocrx_word' id='word_1_257' title='bbox 243 4088 284 4147; x_wconf 90' lang='lat' dir='ltr'>ibi</span> <span class='ocrx_word' id='word_1_258' title='bbox 298 4089 338 4148; x_wconf 92' lang='lat' dir='ltr'>de</span> <span class='ocrx_word' id='word_1_259' title='bbox 354 4097 473 4164; x_wconf 87' lang='lat' dir='ltr'>septem</span> <span class='ocrx_word' id='word_1_260' title='bbox 486 4086 595 4167; x_wconf 88' lang='lat' dir='ltr'>genitis</span> <span class='ocrx_word' id='word_1_261' title='bbox 609 4087 780 4163; x_wconf 85' lang='lat' dir='ltr'>Amphione</span> <span class='ocrx_word' id='word_1_262' title='bbox 794 4089 886 4147; x_wconf 82' lang='lat' dir='ltr'>fortes</span> 
     </span>
    </p>
   </div>
   <div class='ocr_carea' id='block_1_3' title="bbox 1173 4376 1291 4552">
    <p class='ocr_par' dir='ltr' id='par_1_28' title="bbox 1173 4376 1291 4552">
     <span class='ocr_line' id='line_1_38' title="bbox 1173 4376 1291 4552; baseline 0 0"><span class='ocrx_word' id='word_1_263' title='bbox 1173 4376 1291 4552; x_wconf 77' lang='lat' dir='ltr'><em>l</em></span> 
     </span>
    </p>
   </div>
   <div class='ocr_carea' id='block_1_4' title="bbox 0 0 1310 4926">
    <p class='ocr_par' dir='ltr' id='par_1_29' title="bbox 0 0 1310 4926">
     <span class='ocr_line' id='line_1_39' title="bbox 0 0 1310 4926; baseline 0 4"><span class='ocrx_word' id='word_1_264' title='bbox 0 0 1310 4926; x_wconf 95' lang='lat' dir='ltr'> </span> 
     </span>
    </p>
   </div>
  </div>
 </body>
</html>
