2610 4926
442 692 445 697 ’
466 710 674 754 narmoniae.
696 709 755 754 tus
776 710 820 754 xr.

163 854 323 915 lncrevime
336 854 408 927 suis,
423 855 610 933 obscuraque
622 855 746 916 carbasa
758 855 842 932 pullo

161 949 270 1007 Naides
282 958 313 1007 et
328 948 468 1026 Dryades
482 967 647 1025 passosque
661 949 791 1008 habuere
804 948 938 1025 capillos

161 1040 294 1099 Membra
308 1041 413 1119 jacent
426 1040 545 1099 diversa
558 1041 640 1100 locis
683 1042 790 1117 Caput,
807 1042 920 1113 Hebre,
931 1041 1084 1119 lyramque
1109 1062 1136 1105 so

161 1133 285 1210 Excipis,
300 1133 654 1194 et—minrm-medio
668 1133 739 1192 dum
754 1134 862 1192 labitur
875 1152 972 1207 amne,

162 1227 269 1286 Flebile
283 1226 388 1286 nescio
402 1225 476 1303 quid
490 1224 622 1302 queritur
635 1226 705 1303 lyra,
721 1225 819 1284 flebile
834 1226 935 1304 lingua

161 1320 323 1379 Murmurat
336 1320 492 1391 exanimis,
510 1319 695 1395 respondent
708 1318 808 1377 flebile
824 1319 913 1394 ripae.

160 1413 282 1488 Jamque
296 1430 380 1471 mare
394 1412 529 1472 invectae
543 1411 653 1470 flumen
667 1412 810 1487 populare
825 1412 1005 1488 relinquunt,

162 1504 198 1562 Et
212 1505 442 1581 Methymnaeae
457 1505 610 1591 potiuntur
623 1503 709 1563 litore
724 1503 833 1562 Lesbi:
1110 1531 1135 1570 ss

163 1597 220 1655 Hic
233 1597 313 1656 serus
328 1597 495 1674 expositum
510 1596 673 1675 peregrinis
687 1597 792 1674 anguis
806 1597 904 1657 arenis

161 1689 203 1747 Os
216 1690 289 1765 petit
303 1700 336 1750 et
349 1708 469 1766 sparsos
482 1689 606 1749 stillanti
620 1708 685 1750 rore
700 1690 832 1766 capillos.
984 1692 988 1698 “

160 1781 294 1841 Tandem
311 1782 452 1841 Phoebus
466 1783 550 1841 adest
564 1801 739 1858 morsusque
753 1782 862 1841 inserte
877 1792 1031 1858 parantem

161 1876 255 1947 Arcet,
271 1886 303 1933 et
318 1874 348 1932 in
363 1875 494 1950 lapidem
508 1873 598 1934 rictus
612 1875 758 1953 serpentis
773 1886 890 1951 apertos

161 1967 314 2045 Congelat,
330 1977 361 2026 et
374 1968 501 2043 patulos,
517 1978 549 2027 ut
563 1979 654 2041 erant,
670 1969 788 2028 indurat
803 1968 908 2027 hiatus.
1108 1976 1135 2022 to

161 2059 274 2119 Umbra
289 2060 370 2119 subit
384 2071 478 2119 terras
491 2071 530 2134 et,
545 2079 622 2137 quae
636 2063 702 2121 loca
715 2061 829 2120 viderat
842 2071 919 2134 ante,

161 2152 274 2212 Cuncta
287 2153 483 2229 recognoscit,
499 2172 704 2230 quaerensque
719 2173 773 2230 per
785 2173 855 2213 arva
869 2154 987 2231 piorum

162 2245 276 2304 Invenit
292 2245 462 2323 Eurydicen
476 2247 652 2323 cupidisque
666 2248 854 2323 amplectitur
867 2248 951 2306 ulnis.

163 2337 219 2396 llic
232 2338 324 2397 modo
339 2339 506 2414 conjunctis
520 2339 684 2416 spatiantur
699 2341 834 2416 passibus
848 2342 946 2412 ambe,

162 2430 246 2489 Nunc
258 2431 489 2508 praecedentem
503 2431 642 2507 sequitur,
659 2452 737 2491 nunc
752 2433 888 2509 praevius
901 2433 996 2492 anteit
1108 2447 1134 2496 ‘s

163 2522 384 2600 Eurydicenque
399 2544 483 2583 suam
502 2527 564 2601 jam
579 2535 643 2583 tuto
660 2525 778 2601 respicit
793 2527 940 2601 Orpheus.

199 2617 266 2673 Non
281 2617 403 2691 impune
417 2630 516 2676 tamen
532 2618 628 2676 scelus
643 2617 700 2676 hoc
715 2618 784 2676 sinit
800 2637 868 2677 esse
885 2621 1021 2697 Lyaeus3

162 2709 334 2784 Amissoque
350 2710 456 2768 dolens
469 2729 619 2770 sacrorum
633 2721 700 2769 vate
716 2730 844 2783 suorum,

164 2801 294 2859 Protinus
309 2802 339 2859 in
355 2802 437 2861 silvis
452 2814 561 2862 matres
576 2803 730 2862 Edonidas
744 2823 857 2876 ornnes,

163 2894 243 2966 Quae
258 2895 358 2953 ridere
374 2895 465 2965 nefas,
482 2906 559 2954 torta
573 2897 672 2955 radice
686 2897 795 2974 ligavit.
1109 2923 1135 2960 ro

162 2986 275 3064 Quippe
290 2988 401 3064 pedum
416 2988 534 3066 digitos,
550 2989 580 3046 in
595 3000 738 3065 quantum
753 3000 798 3049 est
812 3008 947 3065 quaeque
962 2997 1073 3062 secuta,

162 3079 259 3138 Traxit
274 3092 304 3139 et
319 3081 351 3138 in
365 3081 491 3139 solidam
506 3082 632 3141 detrusit
646 3082 780 3141 acumine
796 3092 911 3140 terram.

162 3172 260 3249 thue
274 3192 362 3232 suurn
375 3173 499 3249 laqueis,
515 3193 591 3250 quos
606 3175 730 3234 callidus
745 3175 860 3233 abdidit
874 3193 993 3251 auceps,

161 3265 234 3324 Crus
248 3266 299 3324 ubi
313 3267 462 3325 commisit
476 3268 604 3327 volucris
614 3260 771 3344 ‘sensitque
787 3268 889 3339 teneri,

161 3358 317 3435 Plangitun
333 3378 368 3417 ac
384 3360 536 3436 trepidans
550 3361 707 3438 adstringit
721 3362 841 3419 vincula
854 3371 956 3419 motu:
1110 3391 1135 3429 7,

161 3451 217 3523 Sic,
234 3470 429 3527 quaecunque
445 3453 510 3511 solo
523 3454 562 3512 de
576 3454 634 3512 fixa
648 3454 820 3513 cohaeserat
835 3455 948 3526 hanim,

162 3544 334 3602 Exsternata
350 3545 449 3621 fugam
463 3545 568 3605 frustra
583 3547 716 3605 tentabat
729 3572 737 3620 3
758 3557 788 3605 at
803 3547 884 3605 illam

160 3637 253 3695 lenta
268 3648 350 3695 tenet
365 3638 449 3695 radix
463 3640 718 3715 exsultantemque
733 3642 857 3698 co'e'rcet.

162 3728 300 3803 Dumque
314 3729 364 3788 ubi
380 3730 440 3788 sint
453 3731 546 3807 digiti,
563 3732 633 3789 durn
648 3751 702 3807 pes
716 3732 776 3803 ubi,
793 3732 916 3807 quaerit,
931 3741 963 3791 et
976 3748 1101 3807 ungues

140 3836 145 3845 ·
161 3821 297 3897 Adspicit
312 3823 342 3880 in
358 3831 467 3881 teretes
482 3824 595 3900 lignum
610 3824 768 3882 succedere
783 3843 875 3896 suras,
1110 3840 1137 3879 ro

163 3914 199 3970 Et
212 3924 318 3973 conata
332 3915 429 3974 femur
442 3915 586 3974 maerenti
601 3915 741 3991 plangere
755 3917 866 3987 dextra,

162 4007 282 4066 Robora
295 4008 444 4084 percussit
455 4030 464 4081 ς
484 4020 589 4084 pectus
604 4027 723 4083 quoque
738 4013 843 4067 robora
856 4009 939 4080 fiunt,

161 4100 281 4159 Robora
295 4112 365 4160 sunt
379 4101 504 4172 humeri,
520 4111 714 4177 porrectaque
728 4102 849 4161 brachia
861 4120 949 4161 veros

162 4193 234 4253 Fsse
247 4204 334 4270 putes
348 4211 449 4253 ramos
463 4203 495 4254 et
508 4212 569 4253 non
583 4193 685 4254 fallare
698 4194 840 4271 putando.
