2610 4926
404 684 611 730 ammoneri.
635 686 693 730 ΠΒ.
716 687 750 731 11.

96 831 288 908 Fluminaque
303 841 334 891 et
348 830 493 908 nymphas
508 841 537 892 et
551 843 650 893 cetera
663 833 786 892 numina
800 831 881 892 ruris.

96 928 180 985 Haec
195 944 282 1002 super
295 924 436 1001 imposita
449 937 494 984 est
508 926 584 986 coeli
598 926 738 1003 fulgentis
752 925 859 1003 imago,

94 1019 239 1096 Signaque
254 1037 307 1077 sex
321 1018 432 1078 loribus
446 1019 556 1078 dextris
570 1019 756 1095 totidemque
773 1018 905 1078 sinistris.

95 1113 162 1187 Quo
176 1111 263 1170 simul
277 1110 393 1171 acclivo
408 1111 582 1188 Clymeneia
595 1111 688 1171 limite
703 1112 802 1188 proles

94 1204 191 1277 Venit,
206 1217 236 1264 et
251 1203 369 1263 intravit
384 1204 510 1264 dubitati
525 1214 605 1264 tecta
618 1206 759 1282 parentis,

96 1297 230 1357 Protinus
246 1298 283 1357 ad
298 1296 409 1373 patrios
424 1315 477 1357 sua
491 1298 546 1357 fert
559 1297 682 1375 vestigia
695 1299 803 1371 vultus,

95 1390 297 1466 Consistitque
310 1391 432 1467 procul:
453 1408 551 1467 neque
566 1390 645 1450 enim
660 1390 799 1468 propiora
813 1390 926 1450 ferebat

95 1483 226 1543 Lumina.
272 1485 420 1560 Purpurea
434 1484 548 1543 velatus
561 1494 643 1543 veste
662 1485 786 1544 sedebat

95 1577 130 1636 In
143 1576 220 1636 solio
235 1576 375 1635 Phoebus
389 1575 475 1635 claris
489 1577 606 1636 lucente
621 1576 789 1653 smaragdis.

93 1670 121 1727 A
133 1670 238 1728 dextra
252 1670 393 1745 laevaque
409 1669 482 1729 Dies
497 1678 527 1729 et
542 1669 657 1729 Mensis
671 1680 701 1729 et
717 1672 823 1729 Annus

93 1762 277 1837 Saeculaque
291 1772 320 1821 et
334 1760 449 1838 positae
463 1760 565 1839 spatiis
579 1763 752 1838 aequalibus
768 1765 882 1836 Horae,

92 1855 210 1931 Verque
225 1873 336 1914 novum
351 1857 448 1914 stabat
462 1854 591 1914 cinctum
606 1855 731 1915 florente
747 1873 877 1929 corona3

92 1949 194 2008 Stabat
209 1949 291 2006 nuda
304 1950 410 2007 Aestas
425 1958 455 2008 et
469 1948 569 2024 spicea
583 1960 661 2008 serta
674 1949 814 2024 gerebat;

93 2042 194 2100 Stabat
208 2052 239 2101 et
253 2043 420 2099 Autumnus
434 2041 554 2101 calcatis
568 2041 707 2100 sordidus
721 2039 794 2114 uvis,

94 2135 130 2193 Et
143 2133 276 2211 glacialis
292 2133 407 2206 Hiems,
424 2152 516 2193 canos
530 2133 642 2194 hirsuta
657 2133 789 2210 oapillos.

93 2228 169 2286 Inde
183 2228 251 2286 loco
267 2226 382 2285 medius
396 2245 492 2286 rerum
506 2226 637 2286 novitate
652 2238 810 2303 paventem

92 2321 141 2379 Sol
156 2319 250 2379 oculis
263 2321 411 2395 juvenem,
427 2320 534 2395 quibus
548 2320 676 2396 adspicit
690 2319 799 2392 omnia,
814 2319 896 2393 vidit,

93 2414 237 2488 Quaeque
251 2413 316 2472 viae
331 2412 383 2472 tibi
398 2415 506 2472 causa?
527 2413 599 2489 quid
614 2414 679 2486 hac,
696 2414 744 2486 ait,
761 2433 827 2473 arce
842 2411 951 2490 petisti,

95 2507 260 2584 Progenies,
278 2506 442 2578 Phaethon,
458 2508 538 2566 haud
553 2507 708 2566 infitianda
721 2507 856 2583 parenti?

94 2600 148 2659 Ille
163 2600 268 2659 refert:
290 2599 319 2659 Ο
334 2600 383 2657 lux
398 2599 533 2658 immensi
547 2599 667 2676 publica
681 2600 793 2673 mundi,

95 2694 214 2752 Phoebe
229 2704 321 2769 pater,
338 2692 361 2750 si
377 2692 429 2751 das
444 2693 530 2768 hujus
546 2693 616 2751 mihi
632 2693 760 2752 nominis
775 2712 861 2752 usum

95 2788 158 2845 Nec
172 2787 245 2844 salsa
260 2785 404 2861 Clymene
418 2786 536 2861 culpam
551 2788 606 2844 sub
621 2786 749 2862 imagine
763 2788 848 2860 celat,

95 2879 221 2957 Pignora
236 2879 284 2949 da,
298 2878 422 2954 genitor,
439 2897 491 2954 per
505 2898 580 2954 quae
596 2891 646 2938 tua
660 2899 729 2938 vera
744 2899 876 2957 propago

95 2973 214 3044 Credar,
230 2984 260 3031 et
275 2972 354 3030 hunc
368 2971 473 3030 animis
488 2991 615 3030 errorem
630 2973 752 3032 detrahe
767 2973 884 3032 nostris.

95 3064 235 3137 Dixerat;
256 3077 287 3124 at
300 3064 416 3139 genitor
428 3064 538 3123 circum
552 3077 641 3141 caput
656 3085 746 3125 omne
761 3066 914 3138 micantes,

96 3158 239 3233 Deposuit
254 3158 352 3215 radios
367 3157 545 3233 propiusque
560 3158 702 3219 accedere
716 3159 811 3236 jussit,

94 3251 301 3326 Amplexuque
316 3251 394 3322 dato,
412 3253 477 3310 Nec
492 3263 524 3310 tu
539 3272 623 3312 meus
638 3251 818 3328 essenegari

95 3343 209 3419 Dignus
223 3363 263 3415 es,
281 3355 311 3402 et
326 3344 468 3419 Clymene
484 3364 576 3419 veros
594 3346 642 3420 ait,
660 3346 752 3406 edidit
767 3357 868 3419 ortus3

96 3437 222 3512 Quoque
237 3435 335 3494 minus
349 3437 475 3510 dubites,
492 3440 618 3515 quodvis
633 3451 702 3516 pete
718 3458 833 3510 munus,
850 3450 880 3498 et
894 3437 966 3498 illud

97 3530 148 3587 ille
163 3529 309 3589 tribuente
324 3530 418 3589 feres:
441 3532 576 3608 promissi
592 3533 674 3592 testis
689 3533 794 3591 adesto

96 3621 149 3680 Dis
161 3624 288 3697 juranda
303 3625 395 3699 palus,
412 3624 505 3683 oculis
521 3625 672 3702 incognita
687 3625 801 3683 nostris.

95 3715 152 3773 l'ix
166 3716 243 3774 bene
258 3716 394 3787 desierat,
412 3736 512 3776 currus
527 3718 601 3794 petit
616 3718 665 3777 ille
680 3727 819 3793 paternos

96 3808 191 3883 Inque
206 3809 285 3868 diem
302 3810 451 3886 alipedum
463 3811 512 3888 jus
527 3822 557 3869 et
571 3801 761 3869 moderamen
778 3829 929 3886 equorum.

95 3901 244 3960 Poenituit
257 3905 370 3977 jurasse
385 3913 507 3978 patrem,
525 3903 574 3979 qui
590 3915 692 3978 terque
707 3913 869 3978 quaterque

95 3994 278 4054 Concutiens
293 3994 403 4053 illustre
419 4007 517 4071 caput,
532 3996 711 4068 Temeraria,
727 3994 808 4067 dixit,
1047 4022 1072 4058 so

94 4088 160 4148 Vox
175 4106 244 4146 mea
258 4087 336 4146 sacta
350 4098 401 4145 tua
414 4098 467 4146 est
512 4087 635 4148 Utinam
650 4088 795 4164 promissa
809 4088 910 4147 liceret
