2610 4926
274 624 284 641 ⁶
383 653 591 699 ammoneo.
613 653 672 699 tra
695 651 761 696 vin.

96 797 238 860 Tumlino
250 797 371 861 medias
383 809 415 860 et
427 797 505 861 ceris
518 798 619 877 alligat
632 798 716 873 imas,
797 820 802 833 ·

93 892 185 968 Atque
198 891 238 952 ita
252 892 438 970 compositas
451 911 544 970 parvo
558 891 727 953 curvamine
741 889 843 967 flectit,

94 984 133 1043 Ut
145 1004 226 1044 veras
240 984 374 1045 imitetur
386 1004 464 1047 aves
508 986 585 1045 Puer
599 986 702 1045 icarus
716 1003 778 1046 una

92 1078 187 1137 Stabat
201 1089 239 1152 et,
255 1077 376 1157 ignarus
390 1097 490 1140 suase
504 1088 629 1139 tractare
642 1077 761 1155 pericla,

92 1169 147 1229 Ore
160 1170 307 1231 renidenti
322 1171 424 1244 modo,
439 1189 513 1247 quas
527 1190 602 1248 vaga
615 1181 748 1231 moverat
761 1189 841 1245 aura,
916 1177 920 1185 ’

92 1263 234 1339 Captabat
249 1264 377 1341 plumas,
393 1263 499 1324 &vam
513 1264 606 1323 modo
620 1263 728 1340 pollice
742 1282 841 1348 ceram

92 1356 225 1416 Mollibat
239 1357 368 1433 lusuque
379 1375 434 1417 suo
448 1356 582 1417 mirabile
596 1356 687 1433 patris

92 1448 276 1524 Impediebat
290 1468 375 1525 opus.
418 1450 580 1525 Postquam
596 1468 700 1508 manus
715 1447 819 1510 ultima
832 1447 949 1528 coeptis

91 1540 231 1618 Imposita
246 1554 301 1614 est,
316 1540 451 1620 geminas
463 1541 564 1619 opifex
578 1541 695 1602 libravit
708 1541 737 1601 in
753 1544 815 1602 alas

92 1634 154 1710 lpse
168 1653 256 1694 suurn
270 1653 388 1711 corpus,
403 1644 544 1711 motaque
558 1634 701 1712 pependit
715 1634 746 1693 in
761 1654 838 1696 aura.

91 1727 207 1787 Instruit
221 1738 253 1787 et
266 1737 378 1800 natum,
395 1727 560 1804 Medioque
574 1739 607 1787 ut
621 1727 714 1788 limite
728 1747 835 1803 curras,

52 1860 55 1865 -
90 1820 176 1893 lcare,
192 1819 243 1893 ait,
260 1839 378 1894 moneo,
393 1839 441 1894 ne,
456 1820 481 1881 si
495 1820 652 1881 demissior
665 1820 730 1894 ibis,

90 1912 177 1971 Unda
189 1923 292 1989 gravet
306 1932 439 1989 penuas;
459 1912 485 1973 si
498 1913 612 1988 celsior,
629 1912 706 1991 ignis
720 1913 832 1974 adurat

91 2005 169 2064 Inter
182 2017 342 2082 utrumque
356 2007 441 2067 volat
483 2008 548 2066 Nec
563 2016 592 2067 te
607 2016 740 2083 spectare
756 2008 873 2067 Booten

89 2100 145 2156 Aut
160 2097 291 2158 Helicen
303 2099 396 2175 jubeo
410 2097 601 2176 strictumque
616 2098 737 2161 Orionis
751 2119 872 2175 ensem3

90 2190 138 2249 lle
151 2191 228 2250 duce
243 2209 332 2268 carpe
345 2190 441 2251 viaml
483 2191 595 2253 Pariter
608 2202 768 2270 praecepta
781 2191 903 2254 volandi

89 2283 196 2357 Tradit,
212 2296 243 2344 et
257 2283 373 2361 ignotas
387 2283 516 2345 humeris
530 2286 739 2346 accommodat
753 2287 823 2345 alas.

91 2377 167 2435 lnter
181 2395 257 2453 opus
272 2377 460 2454 monitusque
473 2397 568 2454 genae
582 2380 721 2440 maduere
736 2378 846 2439 seniles

92 2468 124 2527 Et
137 2470 249 2546 patriae
263 2482 407 2529 tremuere
422 2490 534 2530 manus.
579 2471 671 2531 Dedit
685 2473 788 2531 oscula
800 2483 873 2532 nato

91 2561 154 2620 Non
170 2562 276 2621 iterum
291 2563 452 2639 repetenda
466 2583 528 2637 suo,
544 2564 709 2641 pennisque
723 2566 836 2625 levatus

90 2656 163 2713 Ante
177 2655 266 2727 uolat,
283 2655 444 2732 comitique
458 2656 550 2730 timet,
566 2659 646 2717 velut
660 2659 729 2732 ales,
744 2659 784 2719 ab
798 2658 859 2719 alto

90 2747 169 2820 Quae
185 2759 317 2807 teneram
331 2750 445 2825 prolem
460 2749 597 2826 produxit
612 2750 641 2809 in
656 2754 724 2810 aira
738 2751 810 2810 nido

92 2840 289 2916 Hortaturque
304 2840 388 2917 sequi
402 2842 621 2919 damnosasque
636 2844 731 2905 emdit
746 2854 830 2918 artes,

92 2931 124 2990 Et
138 2946 238 2992 movet
253 2933 316 3010 ipse
331 2953 399 2993 suas
413 2944 442 2994 et
457 2934 519 2994 nati
533 2936 651 3012 respicit
665 2938 735 2996 alas.

91 3024 152 3083 Hos
167 3025 280 3102 aliquis,
294 3027 419 3086 tremula
432 3027 503 3087 dum
518 3040 618 3106 captat
632 3030 775 3090 arundine
790 3029 896 3107 pisces,
941 3077 943 3080 a

89 3116 144 3173 Aut
157 3129 260 3193 pastor
274 3117 383 3177 baculo
397 3116 508 3177 stivave
522 3117 639 3179 innixus
654 3131 751 3180 arator

36 3198 40 3205 ’
89 3208 175 3267 Videt
189 3221 219 3268 et
234 3208 396 3285 obstupuit,
413 3209 523 3287 quique
538 3213 657 3272 aethera
673 3232 793 3289 carpere
806 3222 938 3290 possent,

89 3301 219 3360 Credidit
234 3321 300 3361 esse
314 3303 395 3361 deos.
439 3305 478 3362 Et
488 3305 551 3383 jam
565 3306 697 3380 Junonia
711 3307 795 3365 laeva

89 3394 170 3452 Parte
187 3396 293 3453 Sarnos
308 3396 422 3454 fuerant
436 3397 589 3472 Delosque
606 3399 755 3475 Parosque
769 3397 897 3472 relictae,

88 3486 196 3545 Dextra
210 3488 384 3565 lebyntbos
399 3500 460 3548 erat
474 3490 661 3566 secundaque
676 3492 763 3551 melle
778 3492 932 3570 Calymne,

86 3579 184 3653 Quum
199 3599 271 3656 puer
287 3580 392 3640 audaci
405 3582 505 3659 coepit
518 3583 646 3659 gaudere
661 3585 762 3644 volatu

87 3672 281 3750 Deseruitque
296 3674 413 3747 ducem,
428 3674 565 3751 coelique
579 3675 719 3752 cupidine
733 3688 828 3738 tactus

87 3764 182 3823 Altius
196 3765 255 3841 egit
269 3764 331 3826 iter.
376 3766 486 3844 Rapidi
501 3767 609 3827 vicinia
623 3768 695 3828 solis

87 3858 184 3917 Mollit
198 3859 346 3932 odoratas,
361 3877 526 3936 pennarum
540 3860 666 3933 vincula,
679 3881 768 3921 ceras.

85 3950 253 4010 Tabuerant
267 3970 371 4012 cerae:
392 3952 491 4012 nudos
507 3952 602 4029 quatit
616 3952 665 4013 ille
683 3955 817 4029 lacertos,

88 4043 280 4124 Remigioque
295 4063 402 4105 carens
416 4063 477 4105 non
492 4045 567 4106 ullas
581 4046 706 4124 percipit
720 4066 826 4123 auras5

281 4151 297 4189 ⁴
