2610 4926
157 719 197 780 68
475 736 503 779 r.
519 733 655 778 v1non11
677 734 820 779 unnours

158 879 198 938 Et
215 877 277 958 jam
291 896 406 938 summa
419 880 522 957 procul
536 879 669 939 villarum
683 880 813 940 culmina
826 881 949 956 fumant,

158 972 350 1050 Majoresque
364 973 476 1034 cadunt
489 972 556 1033 altis
570 973 608 1033 de
622 973 773 1033 montibus
787 974 918 1035 umbrae.

482 1294 697 1356 ECLOGA
724 1293 811 1355 111.

524 1464 756 1520 PALAEMON.

337 1632 511 1677 MENALCAS.
554 1632 729 1676 DAMOETAS.
771 1632 953 1677 PALAEMON.

566 1755 719 1793 mouereris

157 1824 219 1884 Dic
233 1821 314 1897 mihi,
329 1823 487 1897 Damoeta,
502 1822 602 1902 cujum
615 1825 727 1900 pecus?
748 1841 785 1882 an
801 1821 966 1883 Meliboei?

353 1973 356 1978 .
566 1941 720 1980 brunerus.

157 2010 237 2083 Non,
252 2027 354 2069 verum
367 2008 500 2086 Aegonis
510 2029 520 2084 3
540 2026 635 2085 nuper
647 2006 720 2067 mihi
733 2007 854 2068 tradidit
867 2009 981 2086 Aegon.

567 2128 719 2167 MENALCAS.
855 2109 858 2114 ’

157 2196 266 2257 Infelix
279 2215 299 2257 o
313 2215 439 2274 semper,
455 2213 534 2268 oves,
550 2199 660 2272 pecus!
682 2194 746 2272 ipse
761 2196 908 2255 Neaeram

156 2290 238 2349 Dum
253 2290 341 2362 sovet,
358 2308 401 2361 ac,
418 2307 456 2348 ne
471 2306 518 2348 me
534 2287 589 2347 sibi
604 2289 748 2364 praeferat
762 2288 820 2361 illa,-
835 2298 960 2361 veretur,

157 2381 219 2442 Hic
233 2381 346 2442 alienus
361 2401 432 2441 oves
447 2393 546 2441 custos
560 2380 606 2440 bis
621 2383 732 2458 mulget
747 2381 777 2439 in
793 2383 873 2454 hora,

157 2475 196 2535 Et
210 2494 296 2535 sucus
310 2475 411 2552 pecori
425 2487 455 2536 et
470 2477 516 2534 lac
531 2474 702 2534 subducitur
718 2474 807 2551 agnis.

566 2594 719 2631 DAMOETAS.

157 2658 277 2719 Parcius
291 2658 349 2719 ista
362 2659 429 2719 viris
444 2671 543 2719 tamen
559 2660 729 2738 objicienda
743 2670 902 2719 memento.

156 2751 312 2826 Novimus,
328 2764 357 2812 et
372 2752 422 2829 qui
440 2764 478 2825 te,
494 2763 658 2812 transversa
672 2752 821 2812 tuentibus
836 2751 933 2825 hircis,

157 2846 196 2904 Et
210 2846 380 2921 quo-sed
395 2845 496 2905 faciles
511 2847 669 2923 Nymphae
683 2845 771 2906 risere
780 2880 821 2888 -
830 2847 948 2905 sacello.

567 2966 719 3003 MENALCAS.

155 3032 243 3105 Tum,
258 3030 357 3105 credo,
374 3051 464 3107 quum
479 3052 526 3091 me
542 3033 691 3091 arbustum
706 3031 806 3091 videre
822 3030 952 3091 Miconis

156 3125 256 3199 Atque
270 3126 349 3183 mala
361 3124 436 3184 vites
451 3124 580 3185 incidere
595 3126 669 3184 falce
685 3126 825 3185 novellas,

564 3244 718 3281 DAMOETAS.

156 3310 218 3367 Aut
232 3307 281 3368 hic
295 3308 334 3368 ad
348 3319 462 3369 veteres
476 3309 559 3386 fagos
574 3330 665 3386 quum
682 3308 850 3388 Daphnidis
865 3327 964 3368 arcum

156 3401 280 3477 Fregisti
295 3413 324 3462 et
338 3405 486 3462 calamos:
508 3422 583 3478 quae
599 3415 638 3475 tu,
655 3422 791 3480 perverse
807 3402 955 3474 Menalca,
1064 3454 1066 3458 .

157 3495 204 3567 Et,
220 3513 311 3570 quum
324 3495 421 3554 vidisti
437 3515 529 3572 puero
544 3496 663 3567 donata,
679 3497 811 3568 dolebas

156 3587 204 3659 Et,
219 3587 320 3647 sinon
335 3588 434 3664 aliqua
447 3590 610 3661 nocuisses,
625 3598 756 3647 mortuus
771 3605 858 3645 essee.

566 3705 718 3743 manners.

156 3771 238 3845 Quid
253 3770 366 3831 domini
380 3773 499 3845 saciant,
515 3773 626 3831 audent
640 3789 730 3845 quum
746 3770 816 3828 talia
830 3769 924 3828 suresl

158 3866 228 3923 Non
242 3883 299 3942 ego
314 3876 343 3924 te
357 3865 417 3923 vidi
433 3863 586 3934 Damonis,
603 3861 737 3937 pessime,
754 3881 875 3937 caprum

158 3957 302 4033 Excipere
317 3956 439 4028 insidiis,
454 3956 577 4015 multum
593 3955 715 4014 latrante
731 3954 874 4031 Lycisca?

157 4051 196 4109 Et
210 4069 301 4126 quum
314 4050 491 4109 clamarem:
511 4049 581 4122 Quo
596 4067 675 4106 nunc
690 4067 721 4107 se
737 4047 859 4124 proripit
872 4046 942 4107 ille?

156 4140 266 4221 Tityre,
282 4159 356 4221 coge
371 4158 482 4218 pecus;
502 4150 534 4201 tu
549 4151 618 4218 post
632 4152 749 4201 carecta
762 4142 883 4201 latebas
