2610 4926
152 759 194 832 36·
475 770 513 813 r.
538 770 638 813 ovrnn
660 770 794 814 ursorns

151 917 260 976 Vimen
275 915 305 975 in
320 934 448 992 aequore
463 925 525 976 erat
539 916 590 974 fiat
605 934 693 992 super
706 933 836 991 aequora
849 933 960 975 saxum.

191 1010 246 1069 Dis
262 1009 353 1069 tribus
368 1010 417 1068 ille
432 1009 515 1068 focos
530 1008 653 1068 totidem
670 1009 708 1068 de
723 1007 835 1086 cespite
849 1008 943 1085 ponit,

150 1105 282 1162 Laevum
299 1101 457 1176 Mercurio,
473 1102 608 1162 dextmm
623 1101 685 1174 tibi,
701 1102 810 1162 bellica
822 1102 936 1179 Virgo;

150 1199 211 1254 Ara
225 1194 318 1272 Jovis'
324 1195 423 1255 media
436 1205 488 1254 est
533 1196 684 1254 Mactatur
697 1214 790 1254 vacca
805 1193 968 1269 Minervae,

148 1289 270 1366 Alipedi
284 1288 400 1362 vitulus,
416 1299 516 1347 taurus
530 1287 593 1360 tibi,
610 1307 724 1348 summe
739 1288 870 1348 deorum.

149 1381 289 1441 Protinus
302 1381 517 1441 Andromeden
531 1391 561 1440 et
575 1380 648 1440 tanti
664 1380 795 1457 praemia
809 1381 878 1440 sacti

151 1475 292 1534 Indotata
306 1472 399 1551 rapit:
419 1474 522 1533 taedas
538 1475 733 1550 Hymenaeus
748 1476 902 1550 Amorque

96 1636 98 1641 ¹
150 1566 359 1641 Praecutiunt3
379 1565 465 1643 largis
479 1567 623 1626 satiantur
636 1567 778 1627 odoribus
793 1567 884 1643 ignes,

151 1661 293 1737 Sertaque
308 1659 480 1736 dependent
494 1659 588 1733 tectis,
604 1669 634 1719 et
648 1659 759 1736 ubique
774 1660 912 1737 lyraeque

148 1752 296 1829 Tibiaque
311 1761 341 1812 et
355 1763 468 1826 cantus,
484 1751 575 1812 animi
589 1752 687 1813 felicia
699 1752 768 1812 laeti

103 1885 106 1891 -
149 1848 340 1922 Argumenta,
357 1857 465 1904 sonant
472 1867 485 1919 ·;
505 1845 639 1905 reseratis
654 1864 743 1905 aurea
756 1845 849 1905 valvis

148 1937 233 1998 Atria
247 1949 310 1996 tota
323 1949 435 2015 patent,
451 1938 635 2016 pulchroque
650 1938 793 1999 instructa
806 1950 910 2016 paratu

150 2031 326 2108 Cephenum
342 2050 478 2108 proceres
493 2031 596 2092 ineunt
610 2031 747 2094 convivia
759 2033 844 2109 regis.

149 2126 313 2201 Postquam
328 2125 423 2202 epulis
437 2124 530 2185 functi
543 2125 679 2203 generosi
695 2144 815 2184 munere
831 2125 940 2185 Bacchi

150 2217 303 2277 Diffudere
318 2219 442 2291 animos,
459 2218 614 2293 cultusque
627 2236 781 2293 genusque
796 2218 929 2276 locorum

149 2309 273 2384 Quaerit
287 2310 490 2369 Abantiades:
511 2311 664 2385 quaerenti
679 2309 812 2386 protinus
826 2329 902 2369 unus

150 2405 265 2475 Narrat,
282 2403 439 2480 Lyncides,
456 2421 611 2478 moresque
627 2402 820 2479 habitumque
835 2402 972 2463 virorum.

150 2496 236 2569 Quae
252 2495 338 2554 simul
357 2495 485 2567 edocuit,
501 2497 600 2568 Nunc,
615 2514 634 2554 o
650 2495 815 2568 fortissime,
832 2496 914 2570 dixit,

151 2590 226 2648 Fare
240 2608 352 2665 precor,
370 2590 488 2660 Perseu,
505 2599 615 2663 quanta
628 2587 735 2647 virtute
750 2588 917 2665 quibusque

149 2681 271 2741 Artibus
286 2680 440 2740 abstuleris
455 2680 559 2740 crinita
573 2680 752 2740 draconibus
767 2700 825 2740 ora

150 2777 257 2834 Narrat
272 2774 465 2850 Agenorides,
481 2773 581 2850 gelido
596 2775 650 2833 sub
664 2775 786 2832 Atlante
798 2775 949 2852 jacentem

150 2870 224 2927 Esse
240 2870 347 2938 locum,
364 2866 477 2926 solidae
492 2877 587 2925 tutum
602 2866 765 2926 munimine
780 2867 875 2941 molis,

150 2962 243 3040 Cujus
259 2961 287 3019 in
304 2959 424 3042 introitu
439 2959 572 3036 geminas
586 2960 736 3020 habitasse
751 2979 867 3021 sorores

151 3053 322 3127 Phorcidas,
338 3052 424 3112 unius
442 3052 560 3113 sortitas
575 3052 693 3112 luminis
708 3073 793 3112 usum
802 3075 811 3127 ;

151 3146 188 3205 Id
204 3166 235 3206 se
250 3146 360 3206 sollerti
376 3146 482 3220 furtim,
499 3147 570 3205 dnm
585 3146 715 3219 traditur,
732 3158 796 3206 astu

151 3239 313 3316 Supposita
327 3240 441 3316 cepisse
456 3259 554 3312 manu,
570 3259 681 3317 perque
696 3240 799 3299 abdita
812 3241 901 3319 longe

150 3332 306 3408 Deviaque
321 3344 351 3392 et
365 3333 445 3392 silvis
460 3333 610 3393 horrentia
621 3353 691 3405 saxa
706 3332 828 3410 fragosis

150 3426 327 3501 Gorgoneas
342 3425 473 3502 tetigisse
488 3427 603 3499 domos,
619 3426 790 3502 passimque
804 3446 857 3501 per
872 3445 956 3502 agros

151 3520 267 3594 Perque
281 3518 344 3577 vias
358 3518 467 3577 vidisse
481 3519 636 3579 hominum
652 3518 806 3577 simulacra
821 3519 1007 3595 ferarumque

151 3614 188 3671 In
204 3611 316 3670 silicem
332 3631 369 3670 ex
384 3610 454 3687 ipsis
469 3611 532 3670 visa
545 3631 689 3671 conversa
705 3612 851 3684 Medusa;

152 3705 191 3763 Se
207 3715 306 3763 tamen
322 3704 487 3762 horrendae
502 3704 606 3782 clypei,
623 3705 704 3779 quod
721 3705 804 3762 laeva
818 3705 948 3779 gerebat,

152 3799 230 3856 Aere
245 3815 416 3873 repercusso
432 3796 556 3855 sormam
571 3795 742 3870 adspexisse
759 3797 914 3869 Medusae,

152 3891 292 3965 Dumque
307 3887 404 3967 gravis
419 3907 540 3947 somnus
555 3889 692 3947 colubras
709 3887 863 3965 ipsamque
879 3892 1009 3965 tenebat,

153 3981 302 4059 Eripuisse
317 3991 406 4057 caput
421 3981 520 4054 collo,
541 3979 706 4056 pennisque
721 3980 856 4058 fugacem

153 4077 288 4151 Pegason
304 4085 334 4133 et
349 4074 466 4132 fratrem
481 4072 582 4132 matris
596 4073 634 4132 de
650 4073 793 4150 sanguine
808 4087 896 4137 natos

152 4166 287 4241 Addidit,
303 4177 333 4226 et
347 4164 428 4243 longi
443 4184 504 4225 non
520 4167 595 4226 salsa
608 4165 739 4243 pericula
753 4187 863 4243 cursus,
