2610 4926
167 706 224 782 :38
480 722 507 764 r.
524 720 660 764 urserat:
680 719 825 764 mortis

165 865 295 924 Prodere
309 884 384 926 rooe
397 884 451 925 sua
465 884 646 943 quemquam
659 876 711 926 aot
723 883 878 942 opponere
889 862 987 927 motti.

164 957 224 1015 Vix
239 958 369 1030 tandem,
384 958 500 1036 magnis
515 959 611 1018 Itbaci
624 958 803 1018 clamoribus
815 968 909 1032 ecus,

164 1050 345 1126 Composito
359 1051 468 1127 rumpit
480 1070 595 1123 vocem,
610 1062 641 1111 et
654 1070 703 1110 me
716 1049 848 1111 destinat
859 1069 938 1111 arae.

163 1142 334 1202 Adsensere
348 1162 463 1215 omnes,
478 1156 517 1215 et,
532 1162 609 1220 quae
623 1142 680 1203 sibi
693 1144 820 1220 quisque
833 1142 968 1219 timebat,

165 1234 266 1295 Unius
280 1234 310 1293 in
325 1236 422 1295 miseri
436 1237 558 1295 exitium
571 1255 717 1296 conversa
730 1237 832 1296 tulere.

163 1329 292 1406 Jamque
307 1329 371 1387 dies
385 1329 508 1387 infanda
520 1329 642 1403 aderat;
662 1328 735 1387 mibi
748 1347 833 1389 sacra
845 1328 951 1407 parati,

165 1422 205 1480 Et
219 1422 314 1480 salsae
328 1422 434 1498 fruges,
450 1436 480 1481 et
494 1422 604 1481 circum
619 1433 754 1499 tempora
766 1423 866 1483 vittae.

166 1514 276 1590 Eripui,
293 1515 393 1585 fateor,
409 1516 470 1574 leto
484 1534 541 1587 me,
556 1526 587 1574 et
600 1514 718 1574 :incula
731 1515 807 1592 rupi,

165 1606 348 1685 Lirnosoque
361 1609 428 1667 lacu
442 1627 495 1684 per
508 1620 629 1667 noctem
641 1608 786 1667 obscuros
799 1607 831 1667 in
844 1607 915 1671 ulva

164 1699 287 1771 Delitui,
302 1701 374 1758 dum
388 1702 455 1760 vela
467 1702 581 1773 darent,
595 1700 622 1761 si
635 1700 710 1761 sorte
724 1701 885 1763 dedissent

165 1794 195 1851 N
197 1810 232 1852 ec
245 1793 317 1851 mibi
330 1795 391 1869 jam
406 1794 531 1870 patriam
545 1793 699 1871 antiquam
713 1813 783 1872 spes
796 1795 858 1853 ulla
869 1790 1002 1869 videndi,

165 1887 195 1944 N
197 1904 232 1944 ec
247 1886 349 1945 dulces
364 1899 451 1946 natos
465 1900 697 1964 exoptatumque
711 1898 884 1965 parentem:

164 1978 251 2052 Quos
265 1979 307 2038 illi
321 1980 380 2039 fors
394 1992 424 2040 et
438 2000 553 2057 poenas
566 1982 608 2040 ob
622 1992 723 2040 nostra
735 1990 894 2057 reposcent

166 2071 289 2148 Effugia,
305 2085 335 2131 et
348 2074 467 2149 culpam
482 2074 560 2133 hanc
574 2073 747 2133 miserorum
761 2084 856 2133 morte
869 2072 1005 2150 piabunt.

163 2165 257 2239 Quod
272 2176 301 2224 te
311 2185 368 2242 ¹per
381 2185 506 2242 superos
519 2180 550 2226 et
563 2165 685 2235 conscia
698 2166 821 2225 numina
833 2164 904 2239 veti,

165 2259 229 2329 Per,
246 2258 271 2317 si
286 2271 412 2333 quaest,
427 2278 504 2335 quae
519 2271 609 2319 restet
623 2259 721 2319 adhuc
738 2258 913 2319 mortalibus
925 2274 1055 2336 usquam

166 2353 346 2409 Intemerata
361 2353 443 2422 tides,
459 2371 520 2424 oro,
536 2353 674 2411 miserere
689 2354 823 2411 laborum

164 2445 337 2511 Tantorum,
355 2445 492 2504 miserere
506 2446 595 2503 animi
610 2465 672 2505 non
687 2445 778 2521 digna
791 2443 916 2504 serentis

206 2537 266 2595 His
283 2538 410 2595 lacrimis
425 2538 514 2597 vitam
530 2539 644 2609 damus,
661 2552 690 2597 et
706 2538 919 2596 miserescimus
934 2536 1021 2597 ultro.

166 2631 235 2705 Ipse
250 2630 313 2688 viro
329 2631 439 2706 primus
454 2631 586 2690 manicas
600 2643 689 2706 atque
704 2644 766 2689 arta
781 2629 870 2688 levari

165 2721 272 2781 Vincla
284 2724 369 2800 jubet
386 2725 526 2795 Priamus,
543 2724 688 2799 dictisque
702 2724 743 2782 ita
757 2724 832 2781 latur
846 2721 968 2782 amicis:

165 2815 307 2890 Quisquis
322 2836 363 2887 es,
379 2817 503 2875 amissos
518 2818 587 2875 hinc
599 2818 660 2894 jam
676 2816 850 2876 obliviscere
865 2815 993 2889 Graios:

166 2910 275 2967 Noster
290 2909 355 2980 eris,
372 2909 502 2985 mihique
518 2910 592 2968 haee
607 2909 734 2968 edissere
749 2929 817 2968 vera
831 2909 965 2984 roganti:

164 3003 235 3075 Quo
250 3003 360 3060 molem
375 3003 452 3060 hanc
468 3002 604 3060 immanis
618 3002 686 3077 equi
702 3004 848 3060 statuere?
869 3001 935 3077 quis
949 3000 1073 3061 auctor?

164 3096 284 3168 Quidve
300 3099 424 3172 pemnt?
444 3115 521 3171 quae
536 3095 658 3171 religio?
679 3108 728 3154 aut
743 3114 818 3170 quae
833 3094 973 3154 machina
985 3092 1077 3155 belli?

166 3189 296 3247 Dixerat.
342 3190 405 3259 Ille,
423 3189 499 3246 dolis
514 3189 671 3247 instructus
685 3200 715 3247 et
729 3201 790 3247 arte
806 3188 938 3264 Pelasga,

164 3282 286 3339 Sustulit
301 3295 403 3340 exutas
418 3281 522 3340 vinclis
537 3282 574 3339 ad
591 3282 686 3340 sidera
700 3283 833 3356 palntes:

165 3375 237 3445 Vos,
254 3375 366 3433 aeterni
381 3375 472 3450 ignes,
488 3386 517 3433 et
533 3394 592 3433 non
608 3374 747 3432 violabile
762 3384 889 3432 vestrum
975 3396 978 3402 ¹

164 3467 272 3524 Testor
287 3487 405 3538 numen,
422 3467 471 3538 ait,
487 3486 540 3525 vos
554 3486 621 3525 arae
637 3486 782 3542 ensesque
798 3464 927 3538 nefandi,

164 3558 250 3630 Quos
265 3559 333 3634 lugi,
350 3561 499 3636 vittaeque
514 3561 612 3629 deum,
629 3579 702 3634 quas
717 3558 813 3617 hostia
826 3558 923 3634 gessi:

165 3652 222 3709 Fas
238 3651 308 3709 mihi
324 3653 479 3711 Graiorum
495 3666 608 3711 sacrata
622 3653 768 3710 resolvere
782 3652 856 3726 jura,

165 3745 222 3801 Fas
237 3743 336 3803 odisse
351 3745 436 3815 viros,
453 3758 542 3820 atque
557 3744 657 3803 omnia
672 3746 744 3803 serre
759 3745 815 3803 sub
831 3761 923 3815 auras,

163 3836 193 3895 Si
209 3854 268 3911 qua
282 3849 384 3913 tegunt
397 3860 405 3910 ;
426 3849 529 3897 teneor
543 3837 653 3913 patriae
669 3856 724 3896 nec
741 3837 854 3913 legibus
868 3835 943 3895 ullis.

163 3930 211 3987 Tu
226 3931 316 3987 modo
332 3930 484 4006 promissis
496 3949 626 4001 maneas,
643 3943 816 4005 servataque
831 3947 929 3988 serves

163 4022 254 4098 Troja
269 4023 366 4094 fidem,
383 4023 406 4081 si
422 4043 490 4082 vera
505 4024 603 4092 seram,
620 4022 645 4080 si
661 4042 767 4098 magna
782 4021 950 4098 rependant

205 4114 312 4174 Omnis
326 4135 395 4192 spes
411 4117 549 4175 Danaum
564 4126 593 4175 et
607 4114 706 4192 coepti
721 4114 829 4175 fiducia
842 4112 913 4174 belli
