2610 4926
388 703 596 748 stermonii.
620 703 679 747 ΗΒ.
703 703 748 747 111.

87 852 184 910 Penna
197 850 273 910 latus
287 849 375 923 velat,
390 860 474 910 tenet
487 868 522 910 os
536 848 600 909 sine
614 848 752 911 acumine
766 859 900 910 mutuo.

84 946 108 1003 F
108 944 130 1003 it
143 962 220 1004 nova
233 944 357 1020 Cygnus
370 943 441 1016 avis,
457 960 513 1003 nec
527 960 559 1002 se
573 943 720 1019 coeloque
733 941 862 1020 Jovique

84 1037 191 1110 Credit,
208 1048 240 1097 ut
253 1035 363 1112 injuste
377 1034 459 1095 missi
474 1053 589 1095 memor
601 1034 678 1112 ignis
691 1037 731 1095 ab
745 1035 815 1095 illo:

82 1132 189 1208 Stagna
202 1129 277 1208 petit
291 1129 469 1206 patulosque
483 1129 574 1202 lacus,
590 1128 749 1205 ignemque
762 1146 894 1205 perosus,

83 1224 166 1298 Quae
180 1224 268 1295 colat,
284 1220 374 1299 elegit
387 1221 535 1282 contraria
547 1220 670 1280 flumina
682 1220 818 1281 flammis

120 1316 277 1394 Squalidus
292 1316 405 1376 interea
417 1314 534 1392 genitor
548 1314 745 1374 Phaethontis
758 1324 790 1375 et
803 1332 909 1393 expers

83 1411 151 1487 Ipse
166 1409 211 1469 sui
226 1408 351 1483 decoris,
366 1407 472 1486 qualis,
488 1426 580 1484 quum
594 1407 695 1467 delicit
709 1408 821 1482 orbem,

83 1504 154 1563 Esse
168 1503 254 1575 solet,
269 1504 427 1579 lucemque
441 1500 506 1561 odit
519 1519 613 1578 seque
628 1500 691 1577 ipse
705 1500 854 1579 diemque,

82 1597 200 1673 Datque
214 1595 348 1671 animum
362 1597 393 1654 in
408 1597 513 1668 luctus,
529 1604 561 1654 et
574 1593 702 1653 luctibus
715 1594 819 1671 adJicit
832 1595 914 1669 iram,

81 1689 281 1766 Officiumque
295 1700 384 1766 negat
397 1689 520 1748 mundo
563 1686 649 1760 Satis,
664 1685 770 1764 iuquit,
784 1690 824 1748 ab
838 1688 904 1748 aevi

80 1784 147 1842 Sors
161 1801 229 1841 mea
243 1780 396 1859 principiis
409 1781 465 1841 tuit
478 1780 644 1858 irrequieta,
659 1779 801 1857 pigetque

81 1878 223 1935 Actorum
238 1874 302 1934 sine
316 1875 375 1934 fine
389 1874 470 1948 mihi,
486 1875 551 1934 sine
564 1875 688 1946 honore,
704 1874 848 1933 laborum.

81 1967 214 2043 Quilibet
228 1963 303 2027 alter
317 1978 384 2045 agat
398 1978 550 2045 portantes
564 1966 679 2027 lumina
691 1984 802 2026 currus.

80 2062 108 2120 Si
122 2078 213 2120 nemo
228 2072 282 2133 est,
298 2078 464 2138 omnesque
478 2060 527 2121 dei
541 2078 603 2120 non
617 2077 708 2137 posse
722 2059 859 2132 fatentur,

81 2154 149 2231 Ipse
164 2166 242 2231 agat,
257 2164 290 2213 ut
305 2154 420 2228 saltem,
436 2153 508 2213 dum
520 2165 639 2213 nostras
654 2163 749 2213 tentat
762 2152 904 2227 habenas,

75 2248 227 2307 'Orbatura
241 2258 340 2325 patres
354 2246 516 2323 aliquando
530 2245 655 2306 fulmina
668 2256 769 2323 ponat.

80 2341 156 2399 Tum
172 2340 255 2413 sciet,
271 2339 445 2417 ignipedum
459 2340 535 2399 vires
550 2352 687 2416 expertus
702 2358 855 2415 equorum,

82 2435 149 2492 Non
165 2433 309 2493 meruisse
323 2452 438 2506 necem,
455 2433 506 2509 qui
521 2452 581 2491 non
596 2435 674 2492 bene
689 2432 795 2492 rexerit
808 2432 884 2493 illos.

80 2526 164 2585 Talia
179 2527 329 2586 dicentem
343 2527 535 2587 circumstant
549 2526 650 2585 omnia
665 2527 765 2586 Solem

82 2619 218 2691 Numina,
234 2638 310 2679 neve
324 2619 395 2679 velit
410 2621 547 2679 tenebras
562 2619 702 2679 inducere
716 2620 814 2690 rebus,

80 2712 218 2788 Supplice
233 2731 307 2771 voce
322 2722 446 2789 rogant3
466 2713 573 2771 missos
587 2731 708 2788 quoque
721 2712 840 2789 Jupiter
851 2710 936 2790 ignes

82 2805 216 2875 Excusat,
233 2805 430 2881 precibusque
445 2805 540 2864 minas
555 2805 690 2882 regaliter
703 2805 795 2865 addit

82 2897 200 2974 Colligit
214 2909 348 2957 amentes
363 2909 393 2957 et
407 2898 505 2957 adhuc
520 2909 628 2957 terrore
643 2910 788 2974 paventes

83 2990 218 3049 Phoebus
233 3010 336 3067 equos,
352 2991 531 3068 stimuloque
546 2991 652 3050 dolens
666 3001 696 3050 et
710 2991 833 3051 verbere
847 2990 961 3066 saevit3

82 3084 177 3143 Saevit
191 3083 280 3157 enim,
294 3096 458 3160 natumque
473 3086 605 3160 objectat
619 3095 649 3144 et
665 3084 790 3161 imputat
804 3083 870 3144 iltis

318 3187 335 3219 f
476 3186 493 3219 Ι
634 3187 652 3219 Ἰ
794 3187 811 3219 f

442 3527 591 3586 LIBER
620 3527 696 3587 111.

80 3737 210 3812 Jiuqm
224 3736 299 3797 deus
314 3736 411 3814 posita
425 3736 538 3797 fallacis
553 3737 680 3815 imagine
695 3739 770 3798 tauri

82 3829 119 3888 Se
132 3831 286 3889 consessus
301 3842 371 3903 erat,
388 3829 573 3907 Dictaeaque
587 3850 655 3890 rura
669 3832 789 3891 tenebat
801 3852 810 3905 3

80 3923 179 3997 Quum
195 3935 278 4000 pater
293 3923 410 4000 ignarus
424 3934 538 3999 raptam
555 3925 721 4001 perquirere
738 3926 856 3985 Cadmo

82 4017 218 4093 Imperat,
235 4027 265 4075 et
278 4034 417 4093 poenam,
434 4015 458 4074 si
473 4035 534 4075 non
550 4016 702 4090 invenerit,
718 4018 802 4079 addit

81 4109 231 4183 Exsilium,
248 4110 327 4169 lacto
342 4108 408 4185 pius
421 4119 452 4168 et
466 4109 625 4169 sceleratus
639 4111 755 4171 eodem
