2610 4926
332 640 485 685 ms'rttttr
507 640 566 683 Lm.
585 640 624 684 IV.
645 641 732 685 stuc.
750 641 781 685 Χ.

66 789 169 850 Multa
182 786 301 865 quidem
316 784 422 864 scripsi
433 809 442 861 3
461 786 523 860 sed,
540 806 617 864 quae
630 786 736 847 vitiosa
748 785 859 865 putavi,

108 881 316 942 Emendaturis
332 880 455 958 ignibus
463 879 527 956 ipse
541 880 620 939 dedi.

67 978 157 1037 Tunc
171 994 298 1052 quoque,
314 992 408 1050 quum
425 973 565 1050 fugerem,
582 974 728 1050 quaedam
741 972 885 1051 placitura
897 972 1036 1048 cremavi,

110 1071 206 1128 Iratus
220 1068 320 1127 studio
334 1065 574 1143 carminibusque
588 1066 669 1125 meis.

70 1163 173 1234 Molle,
188 1159 365 1237 Cupidineis
378 1178 435 1218 nec
449 1159 677 1236 inexpugnabile
692 1159 758 1219 telis
1021 1177 1061 1225 ος,

110 1255 171 1315 Cor
183 1253 264 1326 mihi,
280 1253 423 1329 quodque
439 1251 511 1311 levis
526 1271 615 1311 causa
628 1263 768 1324 moveret,
785 1262 855 1312 erat

72 1347 169 1422 Quum
184 1359 284 1406 tamen
299 1345 349 1405 hic
364 1363 469 1416 essem,
485 1343 668 1420 minimoque
683 1346 861 1405 accenderer
874 1343 952 1423 igne,

112 1439 241 1499 Nomine
257 1440 313 1498 sub
327 1449 430 1497 nostro
444 1438 545 1496 sabula
558 1438 639 1496 nulla
653 1438 713 1497 suit

75 1535 169 1592 Paene
184 1532 256 1590 mihi
271 1549 365 1608 puero
380 1549 436 1590 nec
450 1529 541 1606 digna
554 1545 610 1590 nec
624 1530 703 1589 utilis
717 1550 790 1591 uxor

114 1627 164 1685 Est
178 1626 257 1695 data,
274 1643 352 1700 quae
366 1634 484 1699 tempus
498 1642 550 1700 pur
564 1625 653 1682 breve
668 1634 761 1700 nupta
775 1623 836 1683 fuit

78 1718 122 1777 illi
135 1717 275 1777 successit
291 1716 427 1792 quamvis
441 1714 505 1775 sine
520 1715 642 1775 crimine
656 1718 776 1792 conjux,

114 1813 182 1869 Non
198 1822 298 1871 tamen
314 1809 344 1867 in
358 1820 462 1869 nostro
475 1810 561 1868 firma
574 1810 670 1868 futura
684 1821 758 1869 toro.

79 1887 194 1975 trima,
210 1921 288 1979 quae
302 1920 419 1961 mecum
434 1920 515 1961 seros
528 1903 691 1979 permansit
705 1902 736 1960 in
751 1920 855 1976 annos,

110 1989 253 2057 'Sustinuit
267 1997 378 2070 conjux
393 1994 502 2054 exsulis
515 2014 580 2055 esse
595 1995 655 2054 viri

81 2090 147 2149 Filia
159 2109 208 2148 me
223 2107 291 2147 mea
304 2087 351 2146 bis
365 2086 602 2175 prima‘secunda
611 2089 743 2167 juventa,

117 2185 174 2244 Sed
187 2202 250 2241 non
265 2202 303 2241 ex
316 2200 377 2240 uno
391 2182 526 2260 conjuge,
542 2181 611 2241 fecit
626 2201 722 2241 avum.

84 2277 116 2335 Et
125 2277 184 2354 jam
198 2275 362 2351 complerat
376 2272 491 2350 genitor
504 2294 558 2333 sua
570 2275 639 2346 fata,
655 2292 823 2350 novemque

117 2369 279 2428 Addiderat
295 2366 391 2426 lustris
405 2368 496 2426 altera
510 2369 600 2427 lustra
613 2387 728 2427 novem.

86 2462 146 2520 lion
161 2461 243 2520 aliter
257 2459 333 2531 flevi,
350 2479 439 2536 quam
453 2480 501 2519 me
516 2460 635 2519 fleturus
650 2462 802 2520 ademtum

119 2555 170 2613 llle
184 2553 246 2613 suit
292 2553 382 2611 Matri
395 2552 528 2630 proxima
540 2555 619 2629 justa
633 2555 693 2613 tuli.

87 2646 188 2706 Felices
203 2648 303 2718 ambo,
320 2645 553 2723 tempestiveque
568 2647 683 2724 sepulti,
710 2648 713 2654 ’

121 2744 195 2799 Ante
211 2739 291 2798 diem
306 2758 421 2815 poenae
436 2741 516 2815 quod
531 2740 642 2816 periere
658 2745 761 2801 meae!

88 2833 133 2891 lte
146 2853 264 2909 quoque
279 2831 404 2904 felicem,
420 2834 500 2908 quod
516 2852 575 2892 non
592 2834 759 2894 viventibus
775 2833 831 2892 illis

122 2926 189 2985 Sum
204 2925 300 2995 miser,
316 2938 345 2984 et
360 2925 398 2984 de
413 2944 460 2984 me
475 2926 556 3001 quod
571 2927 692 2986 doluere
707 2927 797 2993 nihili

86 3017 112 3077 Si
124 3032 219 3077 tamen
235 3016 387 3076 exstinctis
401 3017 512 3094 aliquid
527 3019 583 3079 nisi
599 3019 721 3078 nomina
734 3029 832 3090 restat,

122 3113 157 3170 Et
169 3110 284 3188 gracilis
299 3121 424 3170 structos
439 3112 539 3190 effugit
554 3115 658 3172 umbra
672 3131 759 3188 rogos
771 3134 779 3185 ;

87 3204 179 3277 Fama,
195 3204 370 3281 parentales,
385 3203 409 3263 si
423 3225 476 3265 vos
490 3225 558 3264 mea
571 3205 704 3281 contigit,
721 3205 852 3275 umbrae,

123 3298 158 3355 Et
172 3311 239 3356 sunt
254 3297 283 3355 in
299 3298 400 3374 Stygio
415 3298 537 3358 crimina
551 3310 652 3357 nostra
666 3299 729 3357 soro
744 3319 751 3370 ;

89 3389 171 3462 Scite,
186 3410 297 3468 precor,
313 3409 546 3451 causam-nec
562 3411 615 3451 vos
629 3391 701 3449 mihi
717 3393 817 3450 saliere
831 3390 875 3448 fas
889 3398 984 3449 est—

124 3484 253 3542 Errorem
265 3485 375 3562 jussae,
391 3504 452 3543 non
467 3486 571 3558 scelus,
588 3503 652 3543 esse
667 3485 760 3561 fugae.
1029 3509 1056 3548 φ

88 3575 221 3635 Manibus
234 3577 293 3636 boc
308 3576 380 3636 satis
394 3588 446 3637 est
490 3578 538 3636 Ad
553 3596 615 3650 vos,
631 3578 772 3650 studiosa,
788 3584 925 3649 revertor,

125 3670 254 3741 Pectora,
269 3689 348 3745 quae
363 3671 440 3729 vitae
454 3669 594 3745 quaeritis
609 3682 676 3729 acta
689 3689 781 3729 meae.

86 3763 148 3837 Jam
163 3762 230 3820 mihi
245 3762 379 3834 canities,
396 3762 489 3839 pulsis
503 3762 674 3822 melioribus
689 3762 782 3834 annis,

123 3855 257 3928 Venerat,
273 3855 412 3930 antiquas
427 3855 641 3930 miscueratque
657 3873 767 3928 comas,

88 3946 211 4024 Postque
226 3967 311 4008 meos
325 3959 406 4006 ortus
422 3947 526 4006 Pisaea
539 3948 656 4006 vinctus
670 3947 749 4006 oliva

123 4042 290 4101 Abstulerat
306 4039 407 4100 decies
421 4041 553 4117 praemia
566 4039 659 4100 victor
674 4060 775 4117 equus,
