2610 4926
254 758 294 820 54
588 756 614 799 P.
636 755 737 800 ovrnrt
759 755 893 799 NASONIS

195 891 199 898 ¹
254 906 354 965 Causa
367 902 432 962 viae
447 903 565 979 conjux,
581 902 612 961 in
627 921 716 979 quam
731 903 845 962 calcata
857 919 1006 961 venenum

253 996 365 1072 Vipera
380 996 497 1055 diffudit
512 1008 738 1071 crescentesque
752 994 874 1056 abstulit
889 1013 991 1053 annos

254 1090 348 1148 Posse
362 1087 424 1165 pati
438 1088 526 1160 volui,
541 1108 598 1148 nec
612 1108 660 1148 me
674 1099 804 1147 tentasse
819 1088 956 1164 negabo;
1204 1114 1228 1152 ns

252 1180 334 1240 Vicit
344 1183 445 1239 Amor.
481 1183 593 1257 Supera
605 1182 681 1241 deus
695 1181 744 1241 hic
758 1182 836 1241 bene
849 1190 939 1239 notus
954 1180 985 1238 in
999 1198 1051 1240 ora
1065 1189 1130 1254 est;

254 1277 302 1333 An
319 1273 356 1332 sit
371 1284 400 1333 et
415 1273 472 1347 hic,
488 1275 601 1346 dubito,
617 1275 670 1334 sed
685 1285 715 1334 et
730 1273 777 1333 hic
792 1284 892 1333 tamen
908 1292 1033 1350 auguror
1047 1291 1133 1346 esse,

254 1368 406 1443 Famaque
421 1366 445 1426 si
460 1365 567 1427 veteris
581 1385 642 1426 non
657 1379 702 1426 est
716 1367 840 1427 mentita
856 1366 985 1444 rapinae,

252 1461 318 1519 Vos
328 1479 448 1535 quoque
461 1459 558 1535 junxit
568 1462 668 1519 Amor.
706 1462 763 1520 Per
773 1480 829 1538 ego
843 1462 918 1520 haec
929 1461 996 1520 loca
1006 1460 1096 1535 plena
1105 1456 1228 1531 timoris,

254 1555 311 1612 Per
327 1553 419 1611 chaos
438 1553 495 1612 hoc
512 1553 617 1630 ingens
631 1553 765 1630 vastique
780 1553 897 1613 silentia
910 1551 1000 1630 regni,
1205 1582 1231 1620 20

254 1645 424 1722 Eurydices,
440 1664 502 1718 oro,
518 1657 675 1722 properata
689 1647 810 1707 retexite
825 1647 901 1705 sata!

254 1738 364 1801 Omnia
378 1739 521 1797 debemur
535 1739 629 1812 vobis,
646 1741 835 1817 paullumque
851 1738 964 1812 morati,

253 1830 352 1891 Serius
366 1844 416 1890 aut
431 1832 517 1890 citius
531 1833 634 1891 sedern
649 1832 841 1909 properamus
855 1833 892 1892 ad
908 1851 1004 1890 unam.

253 1923 421 1983 Tendimus
436 1925 494 1984 huc
509 1912 623 1997 omnes,
639 1926 713 1985 haec
728 1936 773 1984 est
787 1927 894 1984 domus
909 1925 1019 1997 ultima,
1035 1941 1149 2000 vosque

254 2016 388 2075 Humani
402 2017 518 2093 generis
534 2018 707 2095 longissima
721 2037 810 2095 regna
825 2017 939 2077 tenetis.

254 2111 342 2168 Haec
358 2129 487 2186 quoque,
503 2130 595 2187 quum
607 2112 704 2189 ju'stos
719 2124 831 2170 matura
846 2109 989 2187 peregerit
1003 2127 1107 2183 annos,

253 2203 332 2279 Juris
346 2203 401 2261 erit
416 2203 503 2263 vestri
514 2225 523 2276 ;
542 2223 597 2280 pro
612 2222 732 2263 munere
746 2204 897 2279 poscimus
911 2222 1006 2262 usum.

254 2297 345 2370 Quod
361 2295 384 2353 si
400 2297 459 2355 iata
473 2308 583 2372 negant
598 2296 715 2355 veniam
729 2315 783 2372 pro
798 2298 933 2372 conjuge,
950 2309 1062 2355 certum
1077 2305 1122 2355 est

255 2389 345 2447 Nolle
360 2388 453 2448 redire
469 2389 558 2448 mihi:
581 2390 641 2448 leto
655 2390 781 2465 gaudete
797 2390 929 2447 duorum.

254 2480 341 2539 Talia
355 2482 504 2541 dicentem
520 2500 687 2557 nervosque
702 2482 739 2541 ad
755 2483 845 2541 verba
858 2493 1028 2541 moventem

256 2575 428 2650 Exsangues
443 2574 555 2633 flebant
570 2573 704 2633 animae:
726 2594 781 2634 nec
796 2577 939 2634 Tantalus
954 2575 1065 2634 undam

255 2667 395 2743 Captavit
409 2667 550 2744 refugam,
566 2668 737 2744 stupuitque
753 2667 866 2727 Ixionis
881 2667 969 2741 orbis,

255 2762 320 2819 Nec
336 2779 469 2836 carpsere
481 2762 565 2836 jecur
579 2763 720 2833 volucreS,
737 2760 875 2837 nmisque
890 2771 1030 2820 vacarunt

256 2853 381 2925 Belides,
399 2852 488 2929 inque
503 2866 554 2913 tuo
569 2853 679 2926 sedisti,
695 2853 827 2931 Sisyphe,
844 2873 924 2912 saxo.

255 2947 341 3004 Tunc
357 2946 481 3022 primum
498 2946 625 3006 lacrimis
640 2947 780 3007 victarum
796 2947 925 3006 carmine
941 2947 1019 3005 sama
1032 2956 1077 3005 est

256 3038 454 3098 Eumenidum
470 3039 619 3099 maduisse
633 3059 744 3115 genas,
765 3059 820 3099 nec
835 3039 914 3116 regia
927 3041 1039 3115 conjux

255 3131 388 3191 Sustinet
403 3133 498 3191 oranti
513 3152 577 3204 nec,
594 3133 644 3209 qui
659 3133 732 3210 regit
748 3134 815 3205 ima,
832 3152 947 3209 negare,

257 3224 484 3302 Eurydicenque
499 3239 615 3285 vocant.
661 3228 790 3285 Umbras
805 3238 866 3285 erat
880 3225 930 3285 illa
944 3236 1079 3285 recentes

256 3319 347 3390 Inter,
363 3329 393 3377 et
408 3314 632 3394 incessit’passu
648 3319 685 3378 de
700 3321 819 3378 vulnere
835 3320 927 3378 tardo.

256 3414 347 3472 Hanc
362 3413 448 3472 simul
464 3425 494 3474 et
507 3415 603 3491 legem
619 3415 817 3491 Rhodopeius
833 3414 940 3491 accipit
954 3416 1050 3488 heros,

256 3508 304 3566 Ne
320 3506 418 3565 flectat
433 3520 509 3567 retro
524 3527 577 3567 sua
592 3509 711 3582 lumina,
728 3511 825 3568 donec
842 3510 975 3568 Avernas

257 3599 368 3659 Exierit
383 3601 490 3674 valles;
511 3614 560 3661 aut
575 3601 654 3661 irrita
668 3602 749 3661 dona
763 3603 865 3660 sutura

258 3693 396 3769 Carpitur
410 3693 529 3752 acclivis
544 3713 597 3770 per
611 3706 693 3753 muta
707 3693 824 3753 silentia
838 3705 954 3766 trames,

258 3787 384 3859 Arduus,
402 3788 553 3857 obscurus,
570 3786 694 3862 caligine
710 3787 818 3845 densus
833 3806 935 3862 opaca
1270 3795 1286 3833 ⁰

253 3881 323 3963 ‚Nec
338 3880 440 3955 prucul
456 3879 609 3938 abluerant
624 3877 734 3937 telluris
749 3878 879 3954 margine
894 3897 1046 3938 summae:
1210 3909 1234 3947 55

258 3972 328 4046 Hic,
344 3992 382 4031 ne
398 3973 545 4041 deiiceret,
561 3981 704 4042 metuens,
721 3970 883 4046 avidusque
898 3971 1018 4031 videndi

258 4065 354 4124 Flexit
369 4082 472 4122 amans
487 4062 609 4135 oculos;
630 4073 660 4121 et
674 4064 807 4138 protinus
822 4063 872 4123 illa
888 4066 1002 4141 relapsa
1017 4076 1070 4138 est,

258 4157 440 4232 Brachiaque
456 4154 623 4228 intendens,
636 4156 800 4233 prendique
816 4170 845 4217 et
860 4160 1003 4235 prendere
1018 4169 1152 4235 captans,
