2610 4926
175 720 231 777 116
490 735 669 778 numerari
692 736 834 781 unuonrs

171 879 307 959 Tydidel
328 898 415 940 mene
431 879 531 941 Iliacis
546 882 723 942 occumbere
737 881 850 960 campis

172 974 244 1032 Non
258 973 390 1049 potuisse
405 983 514 1050 tuaque
528 972 658 1033 animam
672 975 750 1034 hanc
763 975 915 1036 effundere
927 975 1043 1051 dextra,

171 1066 282 1125 Saevus
296 1064 346 1124 ubi
362 1066 513 1126 Aeacidae
527 1067 589 1126 telo
599 1068 680 1146 jacet
695 1069 819 1141 Hector,
834 1067 887 1128 ubi
900 1066 1008 1147 ingens

172 1158 336 1235 Sarpedon,
352 1158 403 1218 ubi
418 1170 462 1219 tot
476 1159 585 1220 Simois
599 1171 734 1237 correpta
747 1161 802 1221 sub
816 1160 904 1221 undis
1115 1190 1153 1221 a·

171 1252 262 1312 Scuta
276 1251 370 1310 virum
384 1253 543 1330 galeasque
558 1264 587 1312 et
601 1252 688 1313 sortia
702 1272 828 1330 corpora
840 1253 954 1315 volvit?

210 1343 297 1403 Talia
309 1346 433 1421 jactanti
448 1344 573 1406 stridens
588 1346 739 1423 Aquilone
754 1347 886 1423 procella

168 1437 278 1496 Velum
294 1437 416 1498 adversa
430 1439 504 1513 serit,
520 1440 684 1515 fluctusque
699 1439 738 1499 ad
753 1439 849 1500 sidem
862 1440 949 1501 tollit
993 1512 996 1519 Ι

171 1531 357 1607 Franguntur
371 1531 442 1591 remi
454 1553 462 1606 ;
482 1543 545 1591 turn
559 1551 648 1609 prora
662 1532 774 1606 avertit,
790 1543 820 1593 et
833 1532 922 1593 undis

170 1624 231 1683 Dat
246 1624 341 1697 latus3
362 1623 526 1702 insequitur
540 1626 660 1685 cumulo
673 1636 847 1702 praeruptus
861 1644 958 1702 aquae
970 1643 1070 1687 mons.
1115 1656 1151 1697 ω.

170 1716 213 1774 Hi
230 1735 345 1775 summo
361 1716 390 1775 in
405 1717 496 1776 fluctu
511 1718 664 1794 pendent;
683 1717 729 1777 his
743 1718 824 1778 unda
838 1718 998 1779 dehiscens

169 1810 291 1867 Terram
307 1808 383 1868 inter
396 1810 504 1870 fluctus
518 1810 631 1887 aperit,
651 1810 720 1870 furit
734 1822 832 1871 aestus
845 1810 952 1871 arenis.

169 1902 242 1960 Tres
258 1904 357 1961 Notus
372 1903 510 1980 abreptas
524 1903 555 1962 in
570 1922 642 1963 saxa
656 1903 779 1963 latentia
792 1914 961 1981 torquet—

170 1994 247 2053 Saxa
260 2007 369 2056 vocant
385 1996 455 2055 Itali
469 1995 575 2055 mediis
589 2015 666 2072 quae
681 1995 711 2055 in
725 1996 864 2056 fluctibus
877 2000 1006 2057 Aras-

169 2088 298 2147 Dorsum
313 2088 442 2149 immane
456 2089 529 2148 mari
544 2108 681 2164 summo;
701 2098 762 2149 tres
777 2091 871 2149 Eurus
884 2091 923 2150 ab
937 2091 1002 2152 alto
1113 2120 1148 2149 m

168 2182 205 2240 In
220 2181 322 2240 brevia
336 2193 366 2241 et
381 2183 481 2258 Syrtes
494 2181 821 2258 urguet-miserabile
834 2183 951 2243 visu-

168 2272 320 2350 Illiditque
335 2275 420 2333 vadis
434 2286 523 2350 atque
538 2293 642 2351 aggere
656 2274 747 2351 cingit
762 2294 880 2335 arenae.

80 2389 84 2397 ·
167 2367 277 2438 Unam,
294 2387 370 2442 quae
382 2367 490 2444 Lycios
504 2369 654 2444 fidumque
669 2369 796 2427 vehebat
811 2371 955 2443 Oronten,
991 2394 995 2407 ·

167 2458 265 2534 Ipsius
280 2469 349 2518 ante
364 2461 467 2518 oculos
482 2460 585 2537 ingens
600 2460 739 2519 avertice
753 2473 862 2538 pontus

167 2553 204 2610 In
220 2554 343 2629 puppim
358 2553 440 2612 serit:
462 2554 606 2613 excutitur
619 2573 789 2630 pronusque
804 2555 944 2631 magister
1112 2586 1148 2624 n,

165 2646 303 2705 Volvitur
317 2647 346 2704 in
361 2659 470 2723 caput;
491 2659 536 2706 ast
550 2648 630 2706 illam
645 2660 689 2707 ter
703 2648 808 2706 fluctus
824 2647 934 2706 ibidem

166 2740 301 2816 Torquet
315 2760 405 2817 agens
420 2742 539 2813 circum,
556 2752 585 2800 et
600 2741 719 2818 rapidus
732 2752 816 2800 vorat
830 2760 960 2817 aequore
975 2754 1087 2802 vertere

164 2836 320 2910 Apparent
335 2834 391 2893 rari
406 2846 511 2894 nantes
527 2835 557 2893 in
570 2836 684 2911 gurgite
699 2845 791 2908 vast0,

166 2929 258 2986 Arma
272 2929 374 3001 virum,
391 2930 577 3004 tabulaeque,
594 2941 624 2987 et
637 2927 728 2987 Troia
741 2948 814 3004 gaza
829 2948 882 3005 per
894 2928 998 2987 undas

163 3022 231 3096 Jam
246 3022 375 3080 validam
391 3021 498 3080 Ilionei
513 3041 628 3093 navem,
641 3023 702 3100 jam
718 3022 800 3080 fortis
816 3022 961 3094 Achatae,
1111 3053 1148 3080 m

165 3116 202 3172 Et
218 3134 278 3190 qua
291 3127 393 3174 vectus
407 3117 500 3188 Abas,
516 3126 545 3173 et
560 3133 619 3189 qua
632 3115 816 3190 grandaeuus
831 3115 943 3188 Aletes,

163 3207 243 3266 Vicit
259 3207 373 3282 hiems;
394 3209 467 3267 laxis
482 3210 605 3266 laterum
621 3206 815 3283 compagibus
831 3226 934 3265 omnes

163 3300 324 3377 Accipiunt
339 3302 489 3361 inimicum
504 3301 637 3371 imbrem,
654 3300 793 3375 rimisque
808 3299 954 3359 fatiscunt.

203 3396 323 3453 Interea
337 3415 446 3472 magno
462 3395 576 3453 misceri
592 3412 738 3451 murmure
752 3403 886 3469 pontum,

164 3486 369 3562 Emissamque
384 3488 512 3546 hiemem
528 3486 618 3546 sensit
634 3488 791 3561 Neptunus
806 3496 835 3543 et
850 3485 916 3543 imis
1108 3518 1145 3556 n,

164 3580 274 3654 Stagna
289 3581 385 3638 refusa
398 3580 489 3653 vadis,
505 3580 632 3657 graviter
646 3590 831 3637 commotus:
851 3590 881 3636 et
896 3579 957 3638 alto

163 3673 357 3748 Prospiciens‚
374 3693 488 3732 summa
502 3674 651 3751 placidum
667 3683 755 3749 caput
770 3672 872 3731 extulit
886 3672 975 3731 unda.

163 3764 325 3842 Disjectam
341 3770 462 3826 Aeneae
477 3779 541 3826 toto
556 3768 637 3826 videt
651 3785 779 3841 aequore
793 3765 927 3837 classem,

162 3858 314 3917 Fluctibus
329 3878 488 3935 oppressos
503 3863 531 3918 'l
532 3880 598 3919 roas
613 3861 748 3934 coelique
764 3858 855 3930 ruina,

161 3952 226 4009 Nec
242 3952 351 4011 latuere
367 3954 428 4011 doli
443 3954 560 4012 fratrem
575 3953 702 4030 Junonis
718 3965 747 4012 et
762 3953 829 4011 irae.
1106 3984 1143 4021 ῳ

162 4045 271 4101 Eurum
287 4045 324 4104 ad
340 4065 372 4104 se
387 4047 613 4123 Zephyrumque
628 4058 723 4118 vocat,
740 4046 848 4105 dehinc
863 4044 933 4104 talia
947 4046 1042 4106 latur:

201 4138 336 4197 Tantane
352 4159 405 4197 vos
419 4140 536 4217 generis
552 4140 645 4198 tenuit
660 4140 769 4198 fiducia
782 4139 891 4197 vestri?
