2610 4926
424 646 632 692 murmurii.
655 650 713 693 mu.
738 650 756 692 1.

115 799 203 856 Nunc
215 812 312 873 genus
326 791 356 852 in
371 793 458 853 nobis
472 805 561 855 restat
575 796 700 855 mortale
714 795 880 856 duobus-

113 891 161 950 Sic
174 889 270 947 risum
285 885 399 962 superis
407 886 671 963 -hominumque
686 889 822 964 exempla
835 904 998 947 manemus

115 983 244 1055 Dixerat,
259 992 290 1041 et
304 980 426 1039 flebant.
470 978 584 1039 Placuit
597 981 727 1040 coeleste
742 979 853 1056 precari

114 1077 241 1149 Numen,
257 1086 288 1135 et
302 1072 444 1134 auxilium
457 1091 511 1148 per
524 1091 624 1131 sacras
637 1091 777 1149 quaerere
791 1084 895 1133 sortes.

114 1170 203 1228 Nulla
216 1186 301 1228 mora
312 1178 376 1228 est:
398 1166 509 1226 adeunt
522 1165 632 1242 pariter
644 1164 822 1242 Cephisidas
837 1165 942 1240 undas,

116 1263 157 1321 Ut
171 1262 305 1322 nondum
320 1260 447 1337 liquidas
461 1259 504 1318 sic
515 1261 578 1335 jam
589 1258 667 1318 vada
680 1269 753 1319 nota
765 1268 909 1319 secantes

115 1356 189 1414 Inde
203 1355 254 1415 ubi
269 1355 376 1414 libatos
391 1354 547 1414 irroravere
561 1353 691 1431 liquores

115 1447 252 1508 Vestibus
267 1459 297 1507 et
310 1447 410 1525 capiti,
425 1447 549 1508 flectunt
562 1446 686 1524 vestigia
699 1456 820 1506 sauctae

114 1542 161 1599 Ad
175 1542 299 1601 delubra
312 1542 396 1613 deae,
411 1560 537 1617 quorum
550 1541 665 1617 fastigia
678 1539 756 1617 turpi

115 1635 268 1694 Pallebant
282 1652 394 1706 musco,
410 1636 588 1710 stabantque
602 1633 665 1693 sine
680 1634 797 1710 ignibus
810 1651 887 1694 arae.

115 1728 156 1787 Ut
170 1728 273 1804 templi
288 1727 410 1803 tetigere
422 1728 539 1804 gradus,
554 1727 722 1804 procumbit
735 1741 859 1804 uterque

114 1821 227 1880 Pronus
240 1820 322 1879 humi
336 1820 495 1897 gelidoque
509 1839 620 1898 pavens
635 1821 719 1881 dedit
732 1823 834 1880 oscula
848 1839 930 1894 saxo,

114 1916 212 1990 Atque
227 1913 276 1985 ita,
291 1913 322 1973 Si
336 1913 481 1989 precibus,
496 1913 641 1986 dixerunt,
657 1913 780 1972 numina
790 1912 877 1992 justis

112 2005 199 2065 Victa
213 2006 430 2079 remollescuut,
446 2007 470 2066 si
484 2007 612 2066 flectitur
625 2006 668 2066 ira
681 2007 815 2079 deorum,

112 2099 177 2172 Dic,
192 2099 309 2171 Themi,
326 2118 385 2175 qua
397 2099 512 2176 generis
525 2101 669 2159 damnum
684 2100 848 2176 reparabile
861 2100 956 2181 nostri

110 2196 181 2252 Arte
195 2192 241 2264 sit,
257 2203 288 2251 et
302 2192 403 2251 mersis
418 2194 460 2251 ser
474 2211 573 2269 opem,
589 2192 751 2266 mitissimo,
767 2194 863 2253 rebus.

111 2287 197 2345 Mota
211 2287 268 2345 dea
282 2297 335 2358 est,
351 2298 519 2362 sortemque
531 2287 635 2355 dedit:
659 2287 812 2347 Discedite
827 2287 949 2363 templo,

111 2381 149 2438 Et
161 2381 257 2439 velate
272 2391 362 2455 caput
375 2380 546 2455 cinctasque
561 2381 698 2439 resolvite
714 2392 818 2453 vestes,

110 2473 244 2547 Ossaque
260 2483 327 2548 post
342 2484 454 2548 tergum
470 2492 594 2550 magnae
607 2474 719 2549 jactate
732 2472 869 2550 parentis

109 2566 297 2641 Obstupuere
312 2565 371 2636 diu,
387 2565 554 2641 mmpitque
570 2566 687 2624 silentia
701 2585 775 2626 voce

111 2659 219 2734 Pyrrha
233 2658 313 2735 prior
325 2658 471 2734 jussisque
486 2660 560 2718 deae
576 2679 677 2735 parere
692 2671 815 2731 recusat,

111 2753 229 2826 Detque
246 2751 301 2809 sibi
316 2751 442 2823 veniam,
457 2751 566 2828 pavido
581 2765 665 2830 rogat
680 2772 739 2825 ore,
755 2764 904 2829 pavetque

111 2845 241 2904 Laedere
254 2845 371 2922 jactatis
385 2857 533 2903 maternas
548 2845 665 2904 ossibus
679 2847 806 2905 umbras

113 2939 227 2996 Interea
240 2949 376 3013 repetunt
390 2938 486 2997 caecis
501 2940 627 2997 obscura
641 2938 761 2997 latebris

111 3031 209 3089 l'erba
223 3031 310 3090 datae
325 3032 411 3089 sortis
426 3050 526 3090 secum
542 3031 617 3090 inter
631 3050 722 3107 seque
737 3032 891 3093 volutant:

111 3124 185 3182 Inde
201 3123 425 3183 Promethiades
439 3123 564 3200 placidis
580 3123 771 3201 Epimethida
785 3124 873 3184 dictis

111 3216 223 3276 hiulcet
238 3227 276 3288 et,
293 3219 353 3275 Aut
367 3217 464 3288 fallax,
479 3217 528 3289 ait,
545 3230 588 3276 est
603 3217 734 3276 sollertia
748 3217 844 3289 nobis,

110 3312 169 3368 Aut
184 3310 232 3385 pia
247 3321 315 3368 sunt
330 3311 502 3385 nullumque
517 3311 599 3369 nefas
614 3311 733 3369 oracula
748 3311 880 3370 suadent

112 3403 222 3478 hlagna
235 3421 342 3478 parens
357 3414 433 3462 terra
445 3415 498 3475 est,
515 3403 629 3479 lapides
644 3403 813 3481 incorpore
829 3416 923 3465 terrae

110 3495 186 3554 Ossa
198 3516 264 3554 reor
278 3495 357 3555 dici:
374 3497 471 3573 jacere
487 3497 542 3555 hos
557 3507 721 3573 postterga
735 3500 881 3573 jubemur.

110 3588 251 3664 Coniugis
266 3588 387 3664 augurio
403 3609 573 3666 quanquam
589 3589 709 3650 Titania
723 3602 805 3650 mota
819 3602 873 3662 est,

111 3682 183 3757 Spes
198 3692 296 3740 tamen
312 3681 342 3739 in
358 3682 450 3741 dubio
465 3695 527 3743 est:
548 3684 625 3743 adeo
640 3684 820 3743 coelestibus
835 3685 925 3743 ambo

111 3774 253 3833 Diffidunt
269 3774 410 3848 monitis;
426 3776 483 3835 sed
499 3777 570 3851 quid
585 3787 698 3835 tentare
714 3775 856 3836 nocebit?

110 3867 282 3938 Discedunt,
299 3869 458 3943 velantque
472 3881 562 3944 caput
576 3868 751 3945 tunicasque
765 3869 929 3947 recingunt,

110 3962 146 4018 Et
159 3962 255 4036 jussos
271 3960 386 4037 lapides
401 3980 455 4019 sua
469 3974 536 4037 post
551 3962 675 4038 vestigia
689 3963 816 4021 mittunt.

107 4054 305 4129 Saxa-quis
321 4054 378 4113 hoc
392 4055 503 4126 credat,
518 4054 574 4113 nisi
590 4054 627 4114 sit
641 4074 695 4131 pro
710 4067 785 4116 teste
800 4058 1000 4117 vetustast-
1047 4088 1085 4122 ⁴00
