2610 4926
169 724 214 789 44„
507 725 533 798 13.
557 726 658 770 ovrnu
679 727 814 772 NASONIS

169 868 235 928 Nec
250 877 350 929 tamen
366 868 521 930 admonita
534 881 581 931 est
594 890 693 948 poena
707 871 857 950 popularis
871 875 1035 950 Arachnes,

168 960 284 1022 Cedere
299 962 628 1042 coelitibus-verbisque
642 965 804 1027 minoribus
818 967 869 1028 uti

167 1055 267 1114 Multa
280 1055 394 1129 dabant
409 1055 543 1117 animos:
563 1059 616 1118 sed
631 1058 711 1119 enim
725 1078 781 1120 nec
796 1060 933 1139 conjugis
943 1072 1023 1123 artos

168 1148 233 1207 Nec
247 1167 344 1225 genus
358 1151 515 1221 amborum
532 1151 691 1230 magnique
704 1153 840 1230 potentia
853 1154 935 1232 regni

168 1239 218 1300 Sic
233 1242 370 1318 placuere
386 1242 427 1302 illi
436 1243 620 1320 -quamvis
634 1264 671 1304 ea
684 1255 793 1306 cuncta
804 1247 1008 1323 placerent—

167 1334 212 1394 Ut
227 1353 280 1394 sua
295 1337 459 1413 progenies.
503 1337 542 1397 Et
556 1336 726 1398 felicissima
737 1348 866 1398 matrum

168 1427 259 1489 Dicta
273 1430 348 1489 foret
363 1429 472 1504 Niobe,
486 1429 513 1490 si
527 1450 588 1491 non
602 1430 658 1490 sibi
672 1430 735 1491 visa
749 1432 858 1493 suisset.

83 1586 87 1593 ,
167 1524 247 1583 Nam
262 1532 328 1582 sata
342 1521 466 1597 Tiresia,
482 1523 597 1584 venturi
611 1524 751 1601 praescia,
768 1527 877 1586 Manto

167 1619 225 1676 Per
239 1615 356 1676 medias
371 1617 472 1689 suerat,
488 1616 590 1677 divino
603 1616 722 1678 concita
735 1629 827 1692 motu,

166 1709 339 1770 Vaticinata
352 1708 433 1768 vias:
454 1710 630 1784 Ismenides,
646 1709 686 1771 ite
701 1711 878 1787 trequentes,

168 1805 207 1864 Et
222 1804 292 1863 date
308 1805 443 1869 Latonae
458 1802 708 1880 Latonigenisque
723 1805 841 1873 duobus

72 1922 75 1927 ·
168 1898 247 1957 Cum
262 1915 350 1974 prece
365 1905 430 1955 tura
443 1894 502 1973 pia,
517 1896 660 1973 lauroque
675 1895 816 1957 innectite
830 1895 962 1959 crinem!

164 1991 225 2051 Ore
240 2008 309 2049 meo
325 1990 442 2048 Latona
452 1990 556 2071 jubet.x
590 1990 720 2064 Paretur,
736 1999 766 2050 et
779 2008 885 2051 omnes

163 2082 335 2142 Thebaides
347 2081 436 2162 jussis
451 2102 505 2142 sua
519 2094 654 2159 tempora
668 2082 822 2143 frondibus
836 2091 952 2158 omant,

163 2177 304 2252 Turaque
320 2175 392 2235 dant
407 2174 517 2235 sanctis
532 2186 562 2234 et
575 2176 667 2234 verba
681 2175 832 2252 precantia
845 2174 982 2237 flammis.

163 2270 252 2342 Ecce,
268 2268 351 2328 venit
365 2268 506 2328 comitum
522 2268 622 2327 Niobe
637 2266 828 2327 celeberrima
842 2270 936 2342 turba,
1109 2289 1146 2339 ιο,

162 2363 304 2423 Vestibus
321 2363 435 2422 intexto
451 2359 584 2438 Phrygiis
598 2360 768 2437 spectabilis
783 2379 862 2434 auro,

163 2457 210 2533 Et,
228 2467 371 2533 quantum
389 2455 429 2513 ira
444 2453 521 2526 sinit,
537 2453 666 2512 formosa
680 2473 863 2531 movensque
878 2455 989 2515 decoro

163 2552 240 2610 Cum
256 2548 354 2626 capite
368 2546 519 2607 immissos
533 2547 687 2606 humerum
702 2566 755 2624 per
769 2558 926 2624 utrumque
941 2547 1075 2626 capillos,

162 2642 304 2704 Constitit
316 2664 325 2717 ;
346 2653 437 2718 utque
452 2641 555 2700 oculos
570 2638 749 2699 circumtulit
763 2640 823 2700 alta
837 2642 990 2718 superbos,

161 2735 239 2810 Quis
254 2736 334 2795 furor
348 2734 474 2808 auditos,
490 2732 594 2810 inquit,
610 2752 792 2810 praeponere
807 2732 877 2792 visis
1108 2768 1144 2804 ¹⁷0

162 2831 337 2891 Coelestesl
378 2831 440 2888 Aut
454 2847 506 2888 cur
520 2826 626 2887 colitur
640 2828 757 2886 Latona
770 2847 823 2905 per
837 2846 911 2899 aras,

161 2924 280 2983 Numen
294 2924 392 2983 adhuc
404 2922 468 2983 sine
481 2932 544 2981 ture
559 2940 658 2980 meum
674 2923 739 2980 est?
781 2920 859 2979 Mihi
874 2921 1019 2982 Tantalus
1029 2933 1141 2995 auctor,

160 3015 218 3077 Cui
233 3016 314 3076 licuit
329 3016 385 3076 soli
400 3034 573 3093 superorum
589 3024 709 3093 tangere
725 3032 862 3089 mensas;

161 3109 316 3169 Pleiadum
332 3129 416 3170 soror
431 3120 475 3169 est
489 3107 614 3186 genitrix
629 3126 715 3181 mea;
735 3106 881 3167 maximus
895 3108 981 3167 Atlas

160 3203 215 3261 Est
230 3222 309 3275 avuS,
326 3203 488 3263 aetherium
506 3202 555 3279 qui
571 3203 626 3261 fert
641 3198 803 3259 cervicibus
818 3219 902 3259 axem
914 3221 923 3274 3
1105 3230 1141 3268 us

160 3295 276 3372 Jupiter
289 3297 362 3356 alter
376 3316 467 3370 avus;
489 3315 592 3354 socero
608 3312 727 3370 quoque
741 3292 849 3368 glorior
865 3292 925 3351 illo.

160 3389 214 3447 Me
229 3401 332 3465 gentes
347 3400 482 3449 metuunt
499 3387 662 3464 Phrygiae5
682 3406 730 3445 me
745 3385 825 3461 regia
840 3385 947 3445 Cadmi

161 3482 223 3540 Sub
239 3482 361 3541 domina
375 3493 428 3554 est,
444 3481 613 3556 fidibusque
628 3478 686 3538 mei
701 3478 861 3536 commissa
875 3477 971 3536 mariti

160 3574 285 3632 Moenia
299 3594 367 3633 cum
382 3574 500 3650 populis
516 3592 534 3632 a
547 3591 656 3648 meque
671 3570 794 3646 viroque
810 3580 955 3656 reguntur.

159 3667 196 3724 In
213 3686 431 3743 quamcumque
447 3667 553 3726 domus
569 3666 690 3723 adverto
706 3662 818 3721 lumina
832 3674 954 3738 partem,
1103 3683 1141 3722 xeo

160 3760 329 3819 Immensae
344 3771 515 3835 spectantur
528 3778 610 3835 opes.
654 3755 781 3815 Accedit
796 3757 903 3815 eodem

160 3851 260 3928 Digna
274 3852 332 3911 dea
345 3852 443 3911 facies.
489 3854 559 3910 Huc
574 3861 658 3908 natas
674 3849 771 3924 adjice
786 3860 900 3924 septem

161 3946 199 4002 Et
214 3943 338 4003 totidem
351 3945 484 4020 juvenes,
501 3954 531 4002 et
545 3961 615 4001 mox
629 3960 814 4019 generosque
829 3961 1001 4017 nurusque..

160 4034 301 4109 Quaerite
316 4054 404 4107 nunc,
421 4035 530 4094 habeat
544 4053 634 4110 quam
649 4046 751 4094 nostra
764 4034 902 4111 superbia
917 4041 1057 4097 causam!

160 4129 289 4203 Quoque
304 4127 396 4188 modo
411 4126 526 4187 audetis
540 4128 672 4207 genitam
689 4126 831 4187 Titanida
845 4129 930 4188 Coeo
1103 4149 1140 4197 ιη
