2610 4926
168 694 225 754 128
480 710 506 753 a.
525 708 659 753 vinorum
681 708 825 753 nunonis

165 857 234 915 Non
250 873 286 914 ea
299 853 344 914 vis
359 852 467 927 animo,
482 872 539 914 nec
553 864 636 914 tanta
649 853 788 931 superbia
800 850 895 915 victis.
936 910 942 921 ,

164 950 219 1008 Est
237 948 329 1019 locus,
347 946 526 1023 Hesperiam
541 947 622 1009 Graii
636 947 814 1026 cognomine
828 945 941 1021 dicunt,
980 1008 984 1017 ,
1106 974 1144 1015 ῃ

162 1042 256 1100 Terra
270 1040 399 1116 antiqua,
416 1050 523 1116 potens
537 1040 624 1099 armis
639 1052 727 1117 atque
741 1040 834 1101 ubere
846 1040 973 1118 glaebae
980 1060 993 1117 3

163 1132 288 1193 Oenotri
303 1134 421 1193 coluere
435 1132 488 1191 viri
500 1155 508 1207 ;
529 1152 608 1192 nunc
622 1134 708 1207 sarna,
723 1134 855 1193 minores

164 1226 283 1285 Italiam
297 1225 406 1284 dixisse
421 1225 505 1285 ducis
520 1226 558 1286 de
572 1226 693 1286 nomine
707 1236 836 1304 gentem.

165 1318 226 1378 Hic
241 1337 342 1377 cursus
356 1319 428 1377 suit:
769 1366 774 1375 .

162 1412 266 1486 Quum
280 1412 378 1471 subito
393 1412 555 1488 adsurgens
569 1411 661 1471 fluctu
680 1411 834 1472 nimbosus
847 1410 942 1473 Orion
1105 1440 1141 1483 ω

164 1508 201 1564 In
216 1503 293 1564 vada
307 1524 397 1563 caeca
411 1504 486 1577 tulit,
502 1503 678 1581 penitusque
693 1505 868 1581 procacibus
882 1503 988 1566 austris

165 1600 280 1674 Perque
294 1598 399 1669 undas,
415 1609 572 1675 superante
587 1598 658 1671 salo,
673 1617 786 1675 perque
800 1597 880 1658 invia
893 1616 966 1679 saxa

164 1691 315 1767 Dispulit;
335 1691 393 1749 huc
408 1691 495 1767 pauci
509 1691 614 1751 vestris
629 1690 804 1751 adnavimus
817 1692 886 1751 oris.

164 1784 255 1857 Quod
263 1803 356 1860 genus
365 1786 422 1843 hoc
431 1784 601 1843 hominum?
614 1803 728 1860 quaeve
737 1785 885 1843 hunctam
893 1784 1141 1847 barbmmorem

164 1876 310 1936 Permittit
325 1876 438 1953 patria?
458 1875 588 1953 hospitio
601 1877 793 1953 prohibemur
806 1896 933 1953 arenae3
1106 1906 1142 1947 w

164 1971 247 2029 Bella
260 1969 348 2041 cient,
365 1970 519 2047 primaque
533 1980 635 2029 vetant
649 1968 811 2029 consistere
825 1982 910 2031 terra.

163 2062 194 2123 Si
207 2082 301 2141 genus
317 2064 479 2122 humanum
494 2074 524 2122 et
537 2061 673 2121 mortalia
687 2061 817 2123 temnitis
830 2081 920 2137 anna,

164 2159 205 2216 At
219 2167 334 2233 sperate
348 2156 422 2215 deos
436 2174 583 2214 memores
597 2155 679 2215 fandi
693 2166 782 2231 atque
797 2155 927 2217 nefandi.

164 2253 231 2309 Rex
244 2261 307 2308 erat
322 2252 441 2308 Aeneas
456 2248 553 2321 nobis,
569 2266 630 2324 quo
641 2248 747 2327 justior
760 2249 843 2323 alter,

163 2345 192 2401 N
195 2361 230 2401 ec
246 2343 355 2417 pietate
371 2342 424 2399 suit
439 2360 494 2399 nec
509 2341 589 2400 bello
603 2343 697 2417 maj0r
712 2352 741 2400 et
756 2343 852 2400 armis.

163 2437 262 2509 Quem
278 2434 302 2493 si
318 2436 376 2493 sata
391 2435 484 2493 virum
501 2445 625 2507 servant,
642 2434 664 2492 si
680 2436 807 2494 vescitur
821 2454 893 2494 aura

164 2528 313 2598 Aetheria,
330 2548 427 2603 neque
442 2528 539 2586 adhuc
554 2528 721 2587 crudelibus
737 2529 864 2588 occubat
878 2527 1000 2603 umbriS,

164 2624 234 2681 Non
249 2634 366 2694 metus,
388 2620 485 2679 officio
500 2640 555 2679 nec
571 2632 599 2680 te
614 2632 741 2680 certasse
757 2622 884 2697 priorem

165 2713 325 2774 Poeniteat.
370 2716 443 2773 Sunt
459 2724 488 2773 et
507 2713 612 2773 Siculis
627 2714 797 2790 regionibus
811 2715 899 2774 urbes

163 2811 311 2884 Arvaque,
327 2809 517 2885 Trojanoque
533 2826 550 2866 a
564 2807 706 2883 sanguine
722 2808 816 2866 clarus
830 2810 964 2868 Acestes.

162 2902 341 2975 Quassatam
357 2901 453 2959 ventis
469 2901 555 2959 liceat
570 2901 734 2959 subducere
750 2902 883 2975 classem,

164 2996 202 3054 Et
216 2994 296 3054 silvis
312 3008 411 3071 aptare
428 2996 525 3053 trabes
541 3005 570 3053 et
585 2993 725 3070 stringere
741 3012 846 3066 remos,

162 3087 192 3149 si
208 3089 293 3147 datur
309 3088 434 3159 Italiam,
451 3088 540 3147 sociis
555 3098 584 3146 et
599 3107 667 3163 rege
682 3098 809 3162 recept0,

162 3182 309 3254 Tendere,
326 3192 358 3239 ut
374 3184 387 3239 I
392 3181 489 3239 taliam
506 3180 574 3240 laeti
593 3180 769 3255 Latiumque
785 3191 928 3256 petamus,

162 3273 213 3334 Sin
228 3275 386 3349 absumpta
401 3274 488 3345 salus,
505 3285 534 3332 et
550 3286 586 3346 te,
603 3284 687 3349 pater
700 3272 811 3348 optime
826 3275 984 3348 Teucrum,

163 3369 276 3425 Pontus
291 3367 381 3425 habet
397 3367 516 3443 libyae,
532 3387 588 3426 nec
603 3386 673 3443 spes
685 3367 746 3445 jam
762 3378 851 3425 restat
865 3367 933 3442 Juli,

162 3462 203 3517 At
219 3459 291 3517 ireta
306 3459 439 3517 Sicaniae
455 3461 558 3518 saltem
573 3461 720 3536 sedesque
735 3470 859 3537 paratas,

164 3553 255 3611 Unde
271 3552 328 3610 huc
343 3552 467 3623 advecti,
484 3572 641 3629 regemque
655 3564 791 3630 petamus
805 3556 943 3613 Acesten.

162 3644 285 3704 Talibus
303 3645 452 3718 Ilioneus,
473 3646 572 3705 cuncti
587 3647 673 3705 simul
688 3668 738 3707 ore
753 3649 917 3708 fremebant

164 3738 362 3797 Dardanidae.

202 3834 280 3890 Turn
295 3832 422 3891 breviter
437 3832 526 3904 Dido,
542 3835 654 3892 vultum
670 3834 805 3909 demissa,
822 3836 970 3913 profatur:

164 3924 275 3984 Solvite
291 3927 379 3984 corde
394 3936 515 3997 metum,
532 3927 648 3999 Teucri,
665 3928 807 3987 secludite
822 3948 915 3990 curas.

164 4018 226 4076 Res
242 4018 314 4076 dura
329 4032 358 4077 et
373 4020 455 4095 regni
470 4019 584 4078 novitas
600 4040 646 4080 me
662 4021 732 4080 talia
745 4034 855 4098 cogunt

164 4111 273 4185 Moliri,
289 4124 319 4171 et
333 4114 391 4172 late
406 4115 480 4173 fines
495 4115 618 4174 custode
633 4113 714 4173 tueri
