2610 4926
381 640 591 718 rimanorum
613 671 672 716 ara
694 670 734 717 va

88 818 175 880 Altera
187 837 240 897 per
255 816 395 898 jugulum
408 818 518 896 pennis
531 826 618 879 tenus
632 827 700 878 acta
713 813 822 895 sagitta
834 823 888 878 est.

87 914 194 991 Expulit
206 914 284 972 hanc
298 911 429 990 sanguis,
444 929 538 988 seque
552 911 714 990 eiaculatus
728 909 759 970 in
773 909 867 971 altum

86 1007 190 1066 Emicat
202 1016 233 1066 et
245 1007 338 1084 louge
351 1005 499 1065 terebrata
512 1004 628 1081 prosilit
641 1022 721 1064 aura.
1014 1017 1053 1060 sco

85 1100 206 1159 Ultimus
221 1099 355 1159 Ilioneus
369 1117 431 1157 non
444 1097 612 1175 proiectura
625 1096 777 1174 precando

83 1193 198 1251 Brachia
212 1191 381 1263 sustulerat,
397 1191 497 1267 Dique
511 1209 530 1250 o
544 1189 742 1250 communiter
755 1205 871 1262 omnes,

83 1286 206 1357 Dixerat,
220 1285 341 1362 ignarus
355 1302 417 1343 non
430 1301 537 1343 omnes
551 1301 617 1342 esse
632 1282 791 1360 rogandos,

82 1378 208 1438 Parcite!
230 1378 336 1436 Motus
349 1385 421 1448 erat,
436 1395 528 1452 quum
545 1376 608 1454 jam
622 1375 789 1435 revocabile
803 1373 899 1438 telum

82 1471 146 1530 Non
160 1470 223 1542 fuit,
239 1467 438 1542 Arcitenens5
457 1467 581 1528 minimo
595 1479 693 1529 tamen
708 1468 818 1528 occidit
831 1468 882 1527 ille
1016 1479 1053 1530 ¹⁶⁵

81 1564 216 1635 Vulnere,
231 1581 294 1622 non
309 1562 367 1621 alte
382 1580 524 1639 percusso
538 1562 628 1621 corde
643 1560 757 1640 sagitta
772 1607 775 1612 .

83 1657 169 1716 Fama
182 1655 254 1714 mali
269 1655 431 1732 populique
445 1654 533 1714 dolor
547 1654 744 1730 lacrimaeque
759 1672 881 1715 suorum

81 1750 153 1808 Tam
166 1747 284 1808 subitae
298 1757 422 1808 matrem
436 1757 549 1807 certam
562 1747 659 1807 iecere
673 1748 785 1820 ruinae,

83 1842 241 1901 Mirantem
257 1840 399 1917 potuisse,
413 1840 649 1917 irascentemque
663 1840 745 1916 quod
759 1839 823 1900 ausi

83 1936 149 1994 Hoc
163 1943 268 1994 essent
281 1933 390 2010 superi,
405 1932 487 2009 quod
501 1943 615 1993 tantum
634 1933 708 2012 juris
722 1933 876 1994 haberent
1017 1958 1056 1997 uo

84 2028 157 2086 Nam
172 2037 258 2104 pater
272 2026 425 2103 Amphion
439 2026 516 2085 ferro
530 2045 584 2104 per
597 2037 702 2104 pectus
715 2026 824 2086 adacto

84 2120 209 2180 linierat
223 2118 355 2178 moriens
368 2117 478 2194 pariter
491 2137 558 2178 cum
573 2120 639 2178 luce
653 2119 796 2180 dolorem
826 2150 830 2154 ·

85 2214 160 2286 lieu,
175 2222 320 2289 quantum
334 2212 409 2271 haec
424 2211 523 2271 Niobe
538 2212 637 2272 Niobe
650 2212 782 2273 distabat
796 2210 835 2272 ab
848 2209 909 2285 illa,

85 2306 164 2380 Quae
179 2304 271 2364 modo
287 2303 388 2363 Latois
399 2304 540 2382 populum
556 2305 745 2365 submoverat
757 2305 817 2365 aris

86 2400 121 2458 Et
133 2399 263 2457 mediam
277 2398 384 2457 tulerat
397 2416 516 2475 gressus
530 2398 670 2474 resupina
683 2417 737 2476 per
751 2399 865 2471 urbem,
1020 2418 1057 2460 tra

87 2492 235 2550 Invidiosa
248 2491 326 2549 suis!
369 2492 411 2549 At
425 2509 504 2550 nunc
518 2491 688 2550 miseranda
701 2492 748 2551 vel
763 2491 842 2551 hosti

87 2583 265 2661 Corporibus
278 2583 388 2661 gelidis
402 2582 554 2656 incumbit,
570 2594 601 2644 et
614 2585 720 2644 ordine
736 2585 819 2644 nullo

87 2677 193 2737 Oscula
207 2677 363 2754 dispensat
378 2687 464 2736 natos
479 2697 617 2755 suprema
630 2698 684 2755 per
696 2697 810 2738 omnes.

88 2773 113 2828 A
127 2770 232 2847 quibus
248 2770 286 2829 ad
301 2769 417 2829 coelum
433 2770 554 2830 liventia
568 2771 689 2831 brachia
703 2773 838 2843 tendens,

89 2863 217 2934 Pascere,
233 2862 371 2935 crudelis,
388 2873 497 2935 nostro,
515 2865 639 2936 Latona,
655 2864 768 2938 dolore,

89 2951 232 3034 [Poscere
248 2956 297 3028 ait,
314 2955 446 3031 satiaque
461 2975 530 3016 meo
545 2967 595 3037 tua
609 2965 732 3034 pectora
746 2952 850 3035 luctu]

90 3049 202 3125 Corque
216 3049 311 3108 t'erum
326 3049 417 3108 satia!
440 3050 512 3108 dixit
526 3073 531 3109 :
554 3052 610 3110 Per
624 3051 727 3109 funera
741 3061 857 3126 septem

90 3141 215 3201 Eneror:
243 3142 366 3213 exsulta,
382 3143 544 3219 victrixque
559 3143 679 3202 inimica
693 3143 859 3219 triumphat

90 3234 145 3293 Cur
159 3247 258 3294 autem
272 3235 397 3294 victrix?
438 3235 566 3295 Miserae
581 3236 654 3294 mihi
668 3236 752 3312 plura
765 3241 933 3311 supersunt,

89 3327 182 3401 Quam
197 3327 250 3386 tibi
265 3327 363 3386 t'elici:
384 3318 452 3404 post
467 3339 511 3388 tot
525 3347 644 3404 quoque
659 3329 761 3387 funera
775 3328 872 3386 vinco.
1024 3340 1061 3390 28⁵

89 3421 227 3494 Dixerat3
247 3431 278 3480 et
292 3419 392 3480 sonuit
406 3431 548 3481 contento
562 3440 670 3480 nervus
684 3421 722 3479 ab
736 3440 814 3493 arcu,

88 3513 145 3587 Qui
160 3523 277 3589 praeter
293 3513 414 3572 Nioben
428 3533 517 3572 unam
532 3514 692 3573 conterruit
705 3533 831 3586 omnes;

89 3606 143 3664 llla
156 3606 234 3665 malo
248 3616 294 3665 est
308 3607 413 3665 audam
458 3606 583 3665 Stabant
596 3626 664 3666 cum
678 3607 810 3665 vestibus
824 3605 895 3666 atris

86 3704 164 3761 Ante
178 3711 259 3761 toros
272 3702 394 3762 fratrum
409 3701 539 3760 demisso
553 3701 634 3760 crine
649 3719 774 3760 sorores.
807 3699 809 3703 ’

88 3797 113 3854 E
127 3779 318 3871 quibus'una,
334 3794 455 3854 trahens
469 3794 622 3853 haerentia
636 3793 748 3852 viscere
763 3793 832 3865 tela,
1026 3817 1065 3856 m

86 3887 232 3965 Imposito
246 3885 329 3947 fratri
343 3886 522 3945 moribunda
535 3886 681 3963 relanguit
695 3904 755 3945 ore.

85 3981 195 4052 Altera,
211 3980 300 4040 solari
315 3977 455 4038 miseram
469 3988 577 4038 conata
590 3987 753 4056 parentem,

85 4074 236 4136 Conticuit
250 4071 363 4146 subito,
378 4070 588 4148 duplicataque
601 4071 724 4130 vulnere
737 4087 829 4130 caeco
842 4078 897 4143 est,
