2610 4926
115 618 154 680 qq
427 618 454 661 P.
476 618 609 662 VlRGlLll
631 618 773 661 MARONIS

521 774 676 813 oauoms

115 842 195 915 Heu,
210 840 278 914 heu,
294 858 383 917 quam
397 837 500 918 pingui
514 859 613 901 macer
626 852 671 901 est
684 840 757 900 mihi
771 850 871 901 taurus
885 841 916 902 in
930 845 1018 904 ervol
1055 872 1061 901 ι

115 934 202 994 Idem
217 952 300 993 amor
313 932 434 993 exitium
448 933 550 1010 pecori
565 933 740 1011 pecorisque
755 934 902 1012 magistro

524 1053 677 1090 MENAUJAS.

115 1118 175 1178 His
189 1127 268 1179 certe
282 1136 380 1194 neque
394 1136 478 1177 amor
491 1137 596 1177 caussa
609 1129 673 1192 est;
689 1117 738 1178 vix
752 1117 869 1178 ossibus
883 1118 1014 1181 haerent

115 1210 227 1272 Nescio
241 1209 307 1287 quis
322 1221 439 1270 teneros
454 1211 556 1270 oculus
571 1210 642 1269 mihi
657 1210 782 1272 fascinat
796 1229 896 1288 agnos
910 1232 913 1237 ‘

524 1321 680 1358 nouom&

115 1387 183 1460 Dic,
198 1385 305 1464 quibus
320 1385 350 1445 in
365 1385 534 1447 terris-et
547 1385 603 1446 eris
617 1385 689 1445 mihi
703 1404 828 1463 magnus
843 1387 1005 1464 Apollo—

114 1482 189 1540 Tres
203 1489 303 1557 pateat
316 1478 394 1540 coeli
408 1478 535 1557 spatium
549 1497 611 1539 uon
626 1479 752 1555 amplius
766 1479 858 1540 ulnas
1026 1488 1031 1498 '
1054 1509 1061 1539 ι

523 1592 676 1631 innuamus.

115 1658 182 1733 Dic,
198 1657 305 1735 quibus
319 1657 350 1716 in
365 1657 447 1719 terris
462 1657 593 1735 inscripti
608 1657 730 1719 nomina
743 1677 845 1736 regum

116 1753 283 1812 Nascantur
297 1751 394 1826 flores,
410 1763 440 1812 et
454 1751 591 1830 Phyllida
604 1752 685 1812 solus
699 1751 818 1812 habeto.

521 1859 678 1899 PALAEMON.

115 1929 187 1988 Non
202 1937 334 1987 nostrum
348 1925 490 1988 intervos
505 1937 601 1986 tantas
612 1945 791 2003 componere
806 1927 880 1988 lites

116 2021 155 2080 Et
168 2019 260 2079 vitula
274 2031 305 2079 tu
320 2018 435 2097 dignus,
451 2018 552 2092 ethic,
568 2030 598 2079 et
612 2018 745 2096 quisquis
760 2039 876 2081 amores

115 2115 177 2172 Aut
191 2124 304 2173 metuet
318 2113 429 2186 dulces,
445 2123 496 2171 aut
509 2110 675 2189 experietur
688 2130 812 2172 amaros.

116 2205 254 2267 Claudite
266 2207 329 2283 jam
343 2205 430 2280 rivos,
446 2203 547 2282 pueri:
567 2214 613 2265 sat
625 2214 710 2282 prata
722 2205 868 2267 biberunt

456 2520 652 2581 ECLOGA
680 2521 744 2580 IV.

527 2671 679 2725 POLLIO.

113 2813 277 2873 siccamus
292 2811 407 2884 Musae,
422 2812 512 2889 paulo
527 2812 638 2890 majora
652 2815 809 2871 canamus!

115 2906 185 2965 Non
201 2924 305 2965 omnes
320 2905 438 2965 arbusta
449 2906 552 2980 juvant
567 2903 751 2981 humilesque
765 2903 912 2981 myricae3

114 2999 144 3058 Si
159 2999 292 3058 canimus
307 2998 402 3072 silvas,
418 2998 508 3057 silvae
524 2997 581 3057 siut
596 3000 727 3058 Consule
742 2997 858 3076 dignae.

155 3091 270 3152 Ultima
284 3091 408 3152 Cumaei
423 3090 504 3151 venit
518 3093 579 3166 jam
596 3090 732 3150 carminis
747 3103 848 3165 aetas3

114 3185 245 3262 Magnus
259 3186 297 3244 ab
312 3184 427 3262 integro
442 3186 604 3244 saeclorum
620 3184 749 3243 nascitur
762 3185 843 3244 ordo.

113 3278 180 3352 Jam
196 3277 271 3337 redit
286 3289 315 3336 et
330 3277 429 3354 Virgo,
446 3278 570 3336 redeunt
584 3276 719 3336 Saturnia
733 3295 841 3353 regna:

113 3370 181 3444 Jam
196 3389 275 3428 nova
288 3369 443 3446 progenies
457 3371 544 3430 coelo
558 3368 721 3429 demittitur
734 3371 803 3428 alto.

112 3463 161 3521 .Tu
177 3462 268 3521 modo
283 3462 416 3521 nascenti
431 3481 530 3538 puero,
546 3480 607 3538 quo
621 3463 713 3521 ferrea
727 3461 854 3537 primum

116 3555 242 3614 Desinet
256 3573 290 3613 ac
305 3566 369 3613 toto
384 3567 481 3631 surget
494 3573 567 3631 gens
582 3572 669 3612 aurea
683 3554 804 3626 mundo,

115 3648 207 3707 Casta
221 3648 285 3705 lave
301 3646 432 3705 Lucina:
454 3658 522 3706 tuus
537 3648 598 3721 jam
613 3657 715 3721 regnat
730 3647 848 3722 Apollo.

114 3741 219 3815 Teque
235 3739 311 3799 adeo
325 3739 416 3798 decus
429 3740 488 3798 hoc
502 3737 575 3810 aevi,
591 3748 620 3797 te
636 3739 776 3811 Consule,
793 3738 887 3812 inibit,

116 3831 221 3903 Pollio,
238 3841 268 3891 et
282 3830 423 3908 incipient
437 3829 537 3908 magni
551 3831 711 3906 procedere
726 3851 862 3906 menses;

115 3925 160 3983 Te
175 3924 260 3996 duce,
276 3922 300 3982 si
315 3941 375 4000 qua
387 3934 509 3982 manent
523 3923 640 3983 sceleris
654 3924 776 4001 vestigia
790 3925 891 4000 nostri,

117 4015 203 4076 Irrita
217 4026 360 4094 perpetua
373 4015 489 4075 solvent
503 4015 660 4076 formidine
675 4027 772 4078 terras.
