2610 4926
168 749 222 789 112
479 745 504 788 Ρ.
527 744 660 789 v11tc1u11
682 744 824 790 morus

163 888 303 963 Sustinet,
318 887 390 949 hinc
403 899 537 951 armenta
551 891 642 951 bourn
655 890 834 968 meritosque
846 890 1001 968 juvenooe

164 985 231 1044 Nec
245 982 370 1060 requies,
386 983 458 1060 quin
473 993 524 1044 aut
538 983 636 1061 pomis
648 986 790 1045 exuberet
803 1003 908 1058 annus,

164 1077 226 1136 Ant
240 1076 300 1136 setu
317 1095 466 1152 pecorum,
482 1087 533 1136 aut
548 1077 679 1137 Cerealis
693 1077 815 1154 mergite
829 1075 929 1151 culmi,

164 1170 374 1245 Proventuque
388 1182 492 1229 oneret
505 1170 605 1230 sulcos
619 1180 709 1246 atque
723 1171 830 1231 horrea
842 1169 951 1231 vincat.

162 1262 254 1322 Venit
267 1262 382 1322 hiems:
404 1261 505 1322 teritur
518 1261 656 1340 Sicyonia
669 1264 763 1324 bacca
776 1261 907 1341 trapetis,

163 1354 281 1416 Glande
297 1374 364 1414 sues
377 1356 448 1416 laeti
461 1356 594 1429 redeunt,
611 1356 684 1416 dant
698 1357 804 1417 arbuta
816 1355 926 1432 silvae3

56 1503 57 1506 ,
163 1449 204 1508 Et
216 1446 313 1507 varios
327 1447 413 1525 ponit
427 1449 504 1508 letus
519 1459 688 1524 autumnus,
704 1459 734 1510 et
748 1451 808 1510 alte

59 1551 62 1558 '
163 1539 248 1600 Mitis
262 1540 292 1599 in
308 1540 415 1617 apricis
428 1540 565 1618 coquitur
577 1541 729 1602 vindemia
742 1541 829 1603 saxis

163 1636 283 1694 Interea
296 1633 398 1693 dulces
411 1634 545 1711 pendent
558 1633 666 1695 circum
682 1636 785 1695 oscula
797 1633 869 1710 nati,

163 1726 255 1786 Casta
269 1725 441 1803 pudicitiam
455 1737 552 1787 servat
566 1727 682 1800 domus,
697 1729 789 1788 ubera
801 1745 911 1790 vaccae
994 1734 996 1739 '

163 1821 275 1879 Lactea
287 1819 455 1892 demittunt,
471 1819 656 1898 pinguesque
670 1819 701 1880 iu
714 1819 846 1898 gramine
860 1821 944 1883 laeto
1035 1876 1038 1883 .

163 1913 247 1972 Inter
260 1931 293 1972 se
308 1912 440 1973 adversis
454 1913 601 1972 luctantur
615 1912 753 1974 cornibus
768 1912 864 1974 haedi

163 2004 312 2081 Ipsedies
326 2005 417 2082 agitat
431 2005 533 2079 festos,
548 2006 689 2082 lususque
703 2025 757 2082 per
769 2007 902 2081 herbam,

163 2098 245 2175 Ignis
259 2097 312 2157 ubi
325 2097 355 2159 in
370 2098 471 2158 medio
485 2109 515 2159 et
529 2088 602 2158 socii
615 2109 729 2159 cratera
741 2108 895 2172 coronant,

94 2208 97 2212 ·
162 2192 216 2266 Te,
232 2191 339 2264 libans,
356 2193 483 2263 Lenaee,
498 2200 594 2264 vocat,
609 2191 784 2268 pecorisque
798 2190 944 2270 magistris

161 2283 284 2344 Velocis
294 2284 386 2363 jaculi
399 2283 561 2343 certamina
575 2284 659 2360 ponit
673 2283 703 2343 in
718 2285 808 2359 ulm0,

163 2378 357 2454 Corporaqne
372 2376 478 2453 agresti
493 2378 607 2436 nudant
621 2379 766 2454 praedura
780 2378 952 2453 palaestrae.

164 2472 255 2530 Hanc
270 2470 341 2529 olim
356 2480 470 2528 veteres
484 2469 574 2528 vitam
591 2471 708 2530 coluere
722 2469 833 2544 Sabini,

164 2565 255 2623 Hanc
271 2564 385 2622 Remus
400 2574 430 2622 et
444 2563 539 2636 frater,
555 2562 598 2622 sic
612 2561 694 2622 sortis
709 2563 824 2622 Etruria
837 2562 929 2630 crevit

162 2656 290 2729 Scilicet,
306 2666 336 2716 et
350 2675 446 2715 rerum
460 2656 539 2715 facta
553 2666 597 2715 est
612 2655 808 2732 pulcherrima
823 2659 930 2731 Roma,

162 2751 343 2826 Septemque
357 2767 417 2809 nna
430 2748 486 2808 sibi
501 2767 585 2808 muro
600 2749 795 2809 circumdedit
808 2768 898 2808 arces.

161 2844 242 2901 Ante
257 2841 344 2902 etiam
361 2853 508 2919 sceptrum
524 2841 642 2901 Dictaei
656 2841 740 2918 regis,
756 2854 786 2902 et
800 2852 868 2902 ante

163 2933 261 3012 Impia
275 2954 364 3010 qnam
379 2935 473 2995 caesis
486 2955 560 3012 gens
574 2946 619 2994 est
633 2935 752 3011 epulata
762 2935 905 3014 juvencis,

161 3029 277 3087 Aureus
292 3028 369 3086 banc
383 3027 473 3086 vitam
488 3028 518 3086 in
534 3029 615 3088 terris
630 3030 770 3087 Saturnus
785 3029 909 3104 agebat:

162 3120 301 3180 Necdum
316 3120 404 3180 etiam
419 3120 572 3180 audierant
586 3120 679 3180 inflari
694 3120 823 3192 classica,
840 3118 968 3179 necdum

163 3213 324 3290 Impositos
339 3213 418 3272 duris
432 3214 575 3291 crepitare
591 3214 747 3274 incudibus
762 3231 854 3273 enses.

202 3307 261 3367 Sed
275 3326 331 3366 nos
346 3305 522 3366 immensum
537 3307 641 3384 spatiis
656 3306 836 3368 confecimus
849 3324 970 3382 aequor,

164 3400 202 3459 Et
215 3401 277 3477 Jam
291 3410 409 3477 tempus
424 3397 533 3476 equum
548 3401 691 3462 fumantia
705 3403 819 3462 solvere
833 3400 917 3460 colla
