<?xml version="1.0" encoding="UTF-8"?>
<!DOCTYPE html PUBLIC "-//W3C//DTD XHTML 1.0 Transitional//EN"
    "http://www.w3.org/TR/xhtml1/DTD/xhtml1-transitional.dtd">
<html xmlns="http://www.w3.org/1999/xhtml" xml:lang="en" lang="en">
 <head>
  <title>
</title>
<meta http-equiv="Content-Type" content="text/html;charset=utf-8" />
  <meta name='ocr-system' content='tesseract 3.04.00' />
  <meta name='ocr-capabilities' content='ocr_page ocr_carea ocr_par ocr_line ocrx_word'/>
</head>
<body>
  <div class='ocr_page' id='page_1' title='image "ahandbooklatinp00marogoog_0039.png"; bbox 0 0 2610 4926; ppageno 0'>
   <div class='ocr_carea' id='block_1_1' title="bbox 236 723 877 780">
    <p class='ocr_par' dir='ltr' id='par_1_1' title="bbox 236 723 877 780">
     <span class='ocr_line' id='line_1_1' title="bbox 236 723 877 780; baseline 0.005 -13"><span class='ocrx_word' id='word_1_1' title='bbox 236 725 275 780; x_wconf 80' lang='lat'>24</span> <span class='ocrx_word' id='word_1_2' title='bbox 571 723 596 768; x_wconf 82' lang='lat' dir='ltr'>r.</span> <span class='ocrx_word' id='word_1_3' title='bbox 618 724 720 768; x_wconf 85' lang='lat' dir='ltr'>ovrnu</span> <span class='ocrx_word' id='word_1_4' title='bbox 741 724 877 770; x_wconf 78' lang='lat' dir='ltr'>uasorus</span> 
     </span>
    </p>
   </div>
   <div class='ocr_carea' id='block_1_2' title="bbox 146 866 1170 4202">
    <p class='ocr_par' dir='ltr' id='par_1_2' title="bbox 178 866 1042 1972">
     <span class='ocr_line' id='line_1_2' title="bbox 178 866 1007 948; baseline -0.001 -17"><span class='ocrx_word' id='word_1_5' title='bbox 178 885 180 889; x_wconf 82' lang='lat'>&#39;</span> <span class='ocrx_word' id='word_1_6' title='bbox 235 866 371 946; x_wconf 86' lang='lat' dir='ltr'>Cingitur</span> <span class='ocrx_word' id='word_1_7' title='bbox 379 890 389 945; x_wconf 88' lang='lat'>;</span> <span class='ocrx_word' id='word_1_8' title='bbox 408 866 556 930; x_wconf 89' lang='lat' dir='ltr'>interdurn</span> <span class='ocrx_word' id='word_1_9' title='bbox 569 870 662 948; x_wconf 90' lang='lat' dir='ltr'>longa</span> <span class='ocrx_word' id='word_1_10' title='bbox 675 869 757 930; x_wconf 88' lang='lat' dir='ltr'>trabe</span> <span class='ocrx_word' id='word_1_11' title='bbox 771 868 878 931; x_wconf 87' lang='lat' dir='ltr'>rectior</span> <span class='ocrx_word' id='word_1_12' title='bbox 891 880 1007 945; x_wconf 80' lang='lat' dir='ltr'>exstat3</span> 
     </span>
     <span class='ocr_line' id='line_1_3' title="bbox 235 962 1042 1040; baseline 0.004 -19"><span class='ocrx_word' id='word_1_13' title='bbox 235 964 352 1040; x_wconf 90' lang='lat' dir='ltr'>Impete</span> <span class='ocrx_word' id='word_1_14' title='bbox 367 982 447 1022; x_wconf 91' lang='lat' dir='ltr'>nunc</span> <span class='ocrx_word' id='word_1_15' title='bbox 460 973 555 1037; x_wconf 87' lang='lat' dir='ltr'>vasto,</span> <span class='ocrx_word' id='word_1_16' title='bbox 571 966 627 1024; x_wconf 83' lang='lat' dir='ltr'>ceu</span> <span class='ocrx_word' id='word_1_17' title='bbox 641 962 776 1024; x_wconf 87' lang='lat' dir='ltr'>concitus</span> <span class='ocrx_word' id='word_1_18' title='bbox 790 963 933 1024; x_wconf 89' lang='lat' dir='ltr'>imbribus</span> <span class='ocrx_word' id='word_1_19' title='bbox 946 962 1042 1024; x_wconf 86' lang='lat' dir='ltr'>amnis</span> 
     </span>
     <span class='ocr_line' id='line_1_4' title="bbox 234 1056 975 1134; baseline 0 -18"><span class='ocrx_word' id='word_1_20' title='bbox 234 1056 346 1130; x_wconf 88' lang='lat' dir='ltr'>Fertur,</span> <span class='ocrx_word' id='word_1_21' title='bbox 361 1067 392 1117; x_wconf 88' lang='lat' dir='ltr'>et</span> <span class='ocrx_word' id='word_1_22' title='bbox 406 1058 561 1117; x_wconf 85' lang='lat' dir='ltr'>obstantes</span> <span class='ocrx_word' id='word_1_23' title='bbox 575 1058 729 1134; x_wconf 88' lang='lat' dir='ltr'>proturbat</span> <span class='ocrx_word' id='word_1_24' title='bbox 741 1067 864 1134; x_wconf 84' lang='lat' dir='ltr'>pectore</span> <span class='ocrx_word' id='word_1_25' title='bbox 878 1056 975 1116; x_wconf 81' lang='lat' dir='ltr'>silvas</span> 
     </span>
     <span class='ocr_line' id='line_1_5' title="bbox 234 1148 960 1227; baseline -0.001 -16"><span class='ocrx_word' id='word_1_26' title='bbox 234 1148 324 1211; x_wconf 88' lang='lat' dir='ltr'>Cedit</span> <span class='ocrx_word' id='word_1_27' title='bbox 337 1148 523 1226; x_wconf 83' lang='lat' dir='ltr'>Agenorides</span> <span class='ocrx_word' id='word_1_28' title='bbox 537 1150 678 1227; x_wconf 91' lang='lat' dir='ltr'>paullum,</span> <span class='ocrx_word' id='word_1_29' title='bbox 693 1149 854 1227; x_wconf 84' lang='lat' dir='ltr'>spolioque</span> <span class='ocrx_word' id='word_1_30' title='bbox 864 1149 960 1210; x_wconf 91' lang='lat' dir='ltr'>leonis</span> 
     </span>
     <span class='ocr_line' id='line_1_6' title="bbox 233 1240 944 1319; baseline 0 -17"><span class='ocrx_word' id='word_1_31' title='bbox 233 1240 364 1302; x_wconf 87' lang='lat' dir='ltr'>Sustinet</span> <span class='ocrx_word' id='word_1_32' title='bbox 378 1241 520 1316; x_wconf 88' lang='lat' dir='ltr'>incursus,</span> <span class='ocrx_word' id='word_1_33' title='bbox 536 1241 736 1319; x_wconf 81' lang='lat' dir='ltr'>instantiaque</span> <span class='ocrx_word' id='word_1_34' title='bbox 750 1261 802 1302; x_wconf 88' lang='lat' dir='ltr'>ora</span> <span class='ocrx_word' id='word_1_35' title='bbox 815 1243 944 1304; x_wconf 86' lang='lat' dir='ltr'>retardat</span> 
     </span>
     <span class='ocr_line' id='line_1_7' title="bbox 234 1331 992 1412; baseline 0.001 -17"><span class='ocrx_word' id='word_1_36' title='bbox 234 1331 368 1411; x_wconf 80' lang='lat' dir='ltr'>Cuspide</span> <span class='ocrx_word' id='word_1_37' title='bbox 382 1345 543 1412; x_wconf 85' lang='lat' dir='ltr'>praetenta</span> <span class='ocrx_word' id='word_1_38' title='bbox 587 1334 671 1396; x_wconf 82' lang='lat' dir='ltr'>Furit</span> <span class='ocrx_word' id='word_1_39' title='bbox 685 1335 744 1410; x_wconf 93' lang='lat' dir='ltr'>ille,</span> <span class='ocrx_word' id='word_1_40' title='bbox 759 1347 790 1396; x_wconf 90' lang='lat' dir='ltr'>et</span> <span class='ocrx_word' id='word_1_41' title='bbox 803 1335 903 1395; x_wconf 88' lang='lat' dir='ltr'>inania</span> <span class='ocrx_word' id='word_1_42' title='bbox 917 1337 992 1396; x_wconf 93' lang='lat' dir='ltr'>duro</span> 
     </span>
     <span class='ocr_line' id='line_1_8' title="bbox 233 1427 991 1506; baseline 0.004 -20"><span class='ocrx_word' id='word_1_43' title='bbox 233 1428 365 1487; x_wconf 82' lang='lat' dir='ltr'>Vulnera</span> <span class='ocrx_word' id='word_1_44' title='bbox 379 1428 430 1488; x_wconf 89' lang='lat' dir='ltr'>dat</span> <span class='ocrx_word' id='word_1_45' title='bbox 444 1429 529 1501; x_wconf 81' lang='lat' dir='ltr'>ferro,</span> <span class='ocrx_word' id='word_1_46' title='bbox 544 1427 667 1506; x_wconf 86' lang='lat' dir='ltr'>figitque</span> <span class='ocrx_word' id='word_1_47' title='bbox 681 1429 712 1487; x_wconf 90' lang='lat' dir='ltr'>in</span> <span class='ocrx_word' id='word_1_48' title='bbox 726 1428 863 1489; x_wconf 86' lang='lat' dir='ltr'>acumine</span> <span class='ocrx_word' id='word_1_49' title='bbox 877 1430 991 1489; x_wconf 86' lang='lat' dir='ltr'>dentes</span> 
     </span>
     <span class='ocr_line' id='line_1_9' title="bbox 232 1521 929 1599; baseline 0.003 -19"><span class='ocrx_word' id='word_1_50' title='bbox 232 1523 360 1598; x_wconf 89' lang='lat' dir='ltr'>Jamque</span> <span class='ocrx_word' id='word_1_51' title='bbox 374 1521 545 1581; x_wconf 82' lang='lat' dir='ltr'>venenifero</span> <span class='ocrx_word' id='word_1_52' title='bbox 560 1521 679 1599; x_wconf 86' lang='lat' dir='ltr'>sanguis</span> <span class='ocrx_word' id='word_1_53' title='bbox 692 1540 814 1582; x_wconf 88' lang='lat' dir='ltr'>manare</span> <span class='ocrx_word' id='word_1_54' title='bbox 828 1522 929 1598; x_wconf 88' lang='lat' dir='ltr'>palato</span> 
     </span>
     <span class='ocr_line' id='line_1_10' title="bbox 233 1613 1032 1693; baseline -0.003 -17"><span class='ocrx_word' id='word_1_55' title='bbox 233 1615 391 1691; x_wconf 86' lang='lat' dir='ltr'>Coeperat,</span> <span class='ocrx_word' id='word_1_56' title='bbox 406 1624 437 1674; x_wconf 90' lang='lat' dir='ltr'>et</span> <span class='ocrx_word' id='word_1_57' title='bbox 451 1613 560 1675; x_wconf 84' lang='lat' dir='ltr'>virides</span> <span class='ocrx_word' id='word_1_58' title='bbox 574 1613 750 1693; x_wconf 85' lang='lat' dir='ltr'>adspergine</span> <span class='ocrx_word' id='word_1_59' title='bbox 765 1613 891 1675; x_wconf 85' lang='lat' dir='ltr'>tinxerat</span> <span class='ocrx_word' id='word_1_60' title='bbox 905 1614 1032 1688; x_wconf 74' lang='lat' dir='ltr'>herbas,</span> 
     </span>
     <span class='ocr_line' id='line_1_11' title="bbox 232 1706 1036 1785; baseline -0.005 -17"><span class='ocrx_word' id='word_1_61' title='bbox 232 1708 293 1768; x_wconf 89' lang='lat' dir='ltr'>Sed</span> <span class='ocrx_word' id='word_1_62' title='bbox 307 1709 371 1767; x_wconf 91' lang='lat' dir='ltr'>leve</span> <span class='ocrx_word' id='word_1_63' title='bbox 386 1707 493 1767; x_wconf 92' lang='lat' dir='ltr'>vulnus</span> <span class='ocrx_word' id='word_1_64' title='bbox 507 1719 578 1785; x_wconf 82' lang='lat' dir='ltr'>erat,</span> <span class='ocrx_word' id='word_1_65' title='bbox 594 1707 665 1784; x_wconf 87' lang='lat' dir='ltr'>quia</span> <span class='ocrx_word' id='word_1_66' title='bbox 678 1726 710 1768; x_wconf 90' lang='lat' dir='ltr'>se</span> <span class='ocrx_word' id='word_1_67' title='bbox 723 1707 892 1768; x_wconf 87' lang='lat' dir='ltr'>retrahebat</span> <span class='ocrx_word' id='word_1_68' title='bbox 906 1708 945 1767; x_wconf 94' lang='lat' dir='ltr'>ab</span> <span class='ocrx_word' id='word_1_69' title='bbox 959 1706 1036 1767; x_wconf 91' lang='lat' dir='ltr'>ictu.</span> 
     </span>
     <span class='ocr_line' id='line_1_12' title="bbox 233 1800 1001 1878; baseline 0 -19"><span class='ocrx_word' id='word_1_70' title='bbox 233 1802 389 1877; x_wconf 91' lang='lat' dir='ltr'>Laesaque</span> <span class='ocrx_word' id='word_1_71' title='bbox 403 1800 481 1859; x_wconf 90' lang='lat' dir='ltr'>colla</span> <span class='ocrx_word' id='word_1_72' title='bbox 495 1801 586 1861; x_wconf 88' lang='lat' dir='ltr'>dabat</span> <span class='ocrx_word' id='word_1_73' title='bbox 600 1811 688 1874; x_wconf 89' lang='lat' dir='ltr'>retro,</span> <span class='ocrx_word' id='word_1_74' title='bbox 704 1801 882 1878; x_wconf 84' lang='lat' dir='ltr'>plagamque</span> <span class='ocrx_word' id='word_1_75' title='bbox 897 1800 1001 1860; x_wconf 84' lang='lat' dir='ltr'>sedere</span> 
     </span>
     <span class='ocr_line' id='line_1_13' title="bbox 233 1892 922 1972; baseline -0.003 -18"><span class='ocrx_word' id='word_1_76' title='bbox 233 1893 380 1954; x_wconf 88' lang='lat' dir='ltr'>Cedendo</span> <span class='ocrx_word' id='word_1_77' title='bbox 395 1895 515 1953; x_wconf 85' lang='lat' dir='ltr'>arcebat</span> <span class='ocrx_word' id='word_1_78' title='bbox 529 1893 718 1972; x_wconf 82' lang='lat' dir='ltr'>nec-longius</span> <span class='ocrx_word' id='word_1_79' title='bbox 731 1892 773 1953; x_wconf 89' lang='lat' dir='ltr'>ire</span> <span class='ocrx_word' id='word_1_80' title='bbox 787 1892 922 1953; x_wconf 90' lang='lat' dir='ltr'>sinebat:</span> 
     </span>
    </p>

    <p class='ocr_par' dir='ltr' id='par_1_3' title="bbox 232 1985 1030 2436">
     <span class='ocr_line' id='line_1_14' title="bbox 233 1985 1026 2064; baseline 0.001 -20"><span class='ocrx_word' id='word_1_81' title='bbox 233 1986 341 2046; x_wconf 91' lang='lat' dir='ltr'>Donec</span> <span class='ocrx_word' id='word_1_82' title='bbox 356 1986 541 2064; x_wconf 85' lang='lat' dir='ltr'>Agenorides</span> <span class='ocrx_word' id='word_1_83' title='bbox 555 1987 726 2062; x_wconf 89' lang='lat' dir='ltr'>conjectum</span> <span class='ocrx_word' id='word_1_84' title='bbox 741 1985 772 2045; x_wconf 93' lang='lat' dir='ltr'>in</span> <span class='ocrx_word' id='word_1_85' title='bbox 785 1996 901 2063; x_wconf 89' lang='lat' dir='ltr'>gutture</span> <span class='ocrx_word' id='word_1_86' title='bbox 916 1985 1026 2045; x_wconf 82' lang='lat' dir='ltr'>ferrum</span> 
     </span>
     <span class='ocr_line' id='line_1_15' title="bbox 233 2077 1030 2158; baseline 0.001 -21"><span class='ocrx_word' id='word_1_87' title='bbox 233 2080 338 2155; x_wconf 89' lang='lat' dir='ltr'>Usque</span> <span class='ocrx_word' id='word_1_88' title='bbox 353 2099 482 2157; x_wconf 91' lang='lat' dir='ltr'>sequens</span> <span class='ocrx_word' id='word_1_89' title='bbox 497 2078 612 2158; x_wconf 85' lang='lat' dir='ltr'>pressit,</span> <span class='ocrx_word' id='word_1_90' title='bbox 627 2080 700 2139; x_wconf 90' lang='lat' dir='ltr'>dum</span> <span class='ocrx_word' id='word_1_91' title='bbox 715 2090 792 2139; x_wconf 89' lang='lat' dir='ltr'>retro</span> <span class='ocrx_word' id='word_1_92' title='bbox 807 2096 934 2155; x_wconf 88' lang='lat' dir='ltr'>quercus</span> <span class='ocrx_word' id='word_1_93' title='bbox 947 2077 1030 2138; x_wconf 90' lang='lat' dir='ltr'>eunti</span> 
     </span>
     <span class='ocr_line' id='line_1_16' title="bbox 232 2170 989 2249; baseline -0.003 -17"><span class='ocrx_word' id='word_1_94' title='bbox 232 2170 366 2245; x_wconf 82' lang='lat' dir='ltr'>Obstitit,</span> <span class='ocrx_word' id='word_1_95' title='bbox 382 2184 412 2232; x_wconf 91' lang='lat' dir='ltr'>et</span> <span class='ocrx_word' id='word_1_96' title='bbox 426 2173 485 2232; x_wconf 85' lang='lat' dir='ltr'>fixa</span> <span class='ocrx_word' id='word_1_97' title='bbox 498 2183 544 2233; x_wconf 90' lang='lat' dir='ltr'>est</span> <span class='ocrx_word' id='word_1_98' title='bbox 557 2171 666 2249; x_wconf 89' lang='lat' dir='ltr'>pariter</span> <span class='ocrx_word' id='word_1_99' title='bbox 678 2190 748 2232; x_wconf 89' lang='lat' dir='ltr'>cunr</span> <span class='ocrx_word' id='word_1_100' title='bbox 762 2173 868 2231; x_wconf 87' lang='lat' dir='ltr'>robore</span> <span class='ocrx_word' id='word_1_101' title='bbox 882 2171 989 2231; x_wconf 71' lang='lat' dir='ltr'>cervis</span> 
     </span>
     <span class='ocr_line' id='line_1_17' title="bbox 232 2263 970 2342; baseline 0.001 -19"><span class='ocrx_word' id='word_1_102' title='bbox 232 2264 370 2324; x_wconf 91' lang='lat' dir='ltr'>Pondere</span> <span class='ocrx_word' id='word_1_103' title='bbox 385 2265 530 2342; x_wconf 90' lang='lat' dir='ltr'>serpentis</span> <span class='ocrx_word' id='word_1_104' title='bbox 544 2276 665 2325; x_wconf 86' lang='lat' dir='ltr'>curvata</span> <span class='ocrx_word' id='word_1_105' title='bbox 679 2276 723 2324; x_wconf 89' lang='lat' dir='ltr'>est</span> <span class='ocrx_word' id='word_1_106' title='bbox 737 2266 832 2337; x_wconf 90' lang='lat' dir='ltr'>arbor,</span> <span class='ocrx_word' id='word_1_107' title='bbox 848 2275 878 2325; x_wconf 90' lang='lat' dir='ltr'>et</span> <span class='ocrx_word' id='word_1_108' title='bbox 893 2263 970 2324; x_wconf 88' lang='lat' dir='ltr'>imae</span> 
     </span>
     <span class='ocr_line' id='line_1_18' title="bbox 232 2357 925 2436; baseline 0 -19"><span class='ocrx_word' id='word_1_109' title='bbox 232 2357 319 2417; x_wconf 91' lang='lat' dir='ltr'>Parte</span> <span class='ocrx_word' id='word_1_110' title='bbox 334 2358 474 2435; x_wconf 89' lang='lat' dir='ltr'>flagellari</span> <span class='ocrx_word' id='word_1_111' title='bbox 488 2357 601 2436; x_wconf 83' lang='lat' dir='ltr'>gemuit</span> <span class='ocrx_word' id='word_1_112' title='bbox 615 2377 668 2417; x_wconf 93' lang='lat' dir='ltr'>sua</span> <span class='ocrx_word' id='word_1_113' title='bbox 681 2358 790 2431; x_wconf 83' lang='lat' dir='ltr'>robora</span> <span class='ocrx_word' id='word_1_114' title='bbox 803 2359 925 2417; x_wconf 90' lang='lat' dir='ltr'>caudae.</span> 
     </span>
    </p>

    <p class='ocr_par' dir='ltr' id='par_1_4' title="bbox 233 2450 950 2527">
     <span class='ocr_line' id='line_1_19' title="bbox 233 2450 950 2527; baseline 0.001 -18"><span class='ocrx_word' id='word_1_115' title='bbox 233 2451 314 2509; x_wconf 92' lang='lat' dir='ltr'>Dum</span> <span class='ocrx_word' id='word_1_116' title='bbox 329 2450 458 2527; x_wconf 90' lang='lat' dir='ltr'>spatium</span> <span class='ocrx_word' id='word_1_117' title='bbox 471 2452 567 2511; x_wconf 88' lang='lat' dir='ltr'>victor</span> <span class='ocrx_word' id='word_1_118' title='bbox 580 2450 651 2511; x_wconf 80' lang='lat' dir='ltr'>victi</span> <span class='ocrx_word' id='word_1_119' title='bbox 665 2450 833 2510; x_wconf 92' lang='lat' dir='ltr'>considerat</span> <span class='ocrx_word' id='word_1_120' title='bbox 847 2450 950 2524; x_wconf 91' lang='lat' dir='ltr'>hostis,</span> 
     </span>
    </p>

    <p class='ocr_par' dir='ltr' id='par_1_5' title="bbox 146 2543 1170 3735">
     <span class='ocr_line' id='line_1_20' title="bbox 231 2543 1170 2622; baseline 0.004 -20"><span class='ocrx_word' id='word_1_121' title='bbox 231 2545 301 2603; x_wconf 91' lang='lat' dir='ltr'>Vox</span> <span class='ocrx_word' id='word_1_122' title='bbox 315 2543 413 2603; x_wconf 92' lang='lat' dir='ltr'>subito</span> <span class='ocrx_word' id='word_1_123' title='bbox 428 2544 529 2604; x_wconf 90' lang='lat' dir='ltr'>audita</span> <span class='ocrx_word' id='word_1_124' title='bbox 543 2556 606 2605; x_wconf 89' lang='lat' dir='ltr'>est:</span> <span class='ocrx_word' id='word_1_125' title='bbox 627 2564 724 2621; x_wconf 89' lang='lat' dir='ltr'>neque</span> <span class='ocrx_word' id='word_1_126' title='bbox 739 2555 802 2604; x_wconf 89' lang='lat' dir='ltr'>erat</span> <span class='ocrx_word' id='word_1_127' title='bbox 815 2562 996 2621; x_wconf 87' lang='lat' dir='ltr'>cognoscere</span> <span class='ocrx_word' id='word_1_128' title='bbox 1010 2555 1170 2622; x_wconf 87' lang='lat' dir='ltr'>promtum,</span> 
     </span>
     <span class='ocr_line' id='line_1_21' title="bbox 146 2629 1150 2714; baseline 0.001 -17"><span class='ocrx_word' id='word_1_129' title='bbox 146 2629 167 2669; x_wconf 68' lang='grc'>·’</span> <span class='ocrx_word' id='word_1_130' title='bbox 232 2638 344 2710; x_wconf 86' lang='lat' dir='ltr'>Unde;</span> <span class='ocrx_word' id='word_1_131' title='bbox 365 2637 418 2696; x_wconf 88' lang='lat' dir='ltr'>sed</span> <span class='ocrx_word' id='word_1_132' title='bbox 432 2637 535 2697; x_wconf 91' lang='lat' dir='ltr'>audita</span> <span class='ocrx_word' id='word_1_133' title='bbox 548 2648 612 2697; x_wconf 91' lang='lat' dir='ltr'>est:</span> <span class='ocrx_word' id='word_1_134' title='bbox 634 2636 723 2713; x_wconf 85' lang='lat' dir='ltr'>Quid,</span> <span class='ocrx_word' id='word_1_135' title='bbox 738 2640 877 2714; x_wconf 85' lang='lat' dir='ltr'>Agenore</span> <span class='ocrx_word' id='word_1_136' title='bbox 892 2648 969 2709; x_wconf 91' lang='lat' dir='ltr'>nate,</span> <span class='ocrx_word' id='word_1_137' title='bbox 985 2649 1150 2714; x_wconf 89' lang='lat' dir='ltr'>peremtum</span> 
     </span>
     <span class='ocr_line' id='line_1_22' title="bbox 231 2731 1099 2807; baseline -0.005 -17"><span class='ocrx_word' id='word_1_138' title='bbox 231 2731 405 2807; x_wconf 90' lang='lat' dir='ltr'>Serpentem</span> <span class='ocrx_word' id='word_1_139' title='bbox 420 2733 558 2807; x_wconf 81' lang='lat' dir='ltr'>spectas?</span> <span class='ocrx_word' id='word_1_140' title='bbox 601 2733 639 2791; x_wconf 89' lang='lat' dir='ltr'>Et</span> <span class='ocrx_word' id='word_1_141' title='bbox 654 2740 685 2791; x_wconf 94' lang='lat' dir='ltr'>tu</span> <span class='ocrx_word' id='word_1_142' title='bbox 700 2732 873 2807; x_wconf 87' lang='lat' dir='ltr'>spectabere</span> <span class='ocrx_word' id='word_1_143' title='bbox 888 2749 1018 2807; x_wconf 88' lang='lat' dir='ltr'>serpens.</span> <span class='ocrx_word' id='word_1_144' title='bbox 1096 2780 1099 2786; x_wconf 89' lang='lat'><em>.</em></span> 
     </span>
     <span class='ocr_line' id='line_1_23' title="bbox 233 2822 980 2900; baseline 0.001 -19"><span class='ocrx_word' id='word_1_145' title='bbox 233 2824 297 2896; x_wconf 89' lang='lat' dir='ltr'>Ille,</span> <span class='ocrx_word' id='word_1_146' title='bbox 313 2822 365 2882; x_wconf 91' lang='lat' dir='ltr'>diu</span> <span class='ocrx_word' id='word_1_147' title='bbox 379 2823 513 2900; x_wconf 88' lang='lat' dir='ltr'>pavidus,</span> <span class='ocrx_word' id='word_1_148' title='bbox 529 2823 637 2900; x_wconf 85' lang='lat' dir='ltr'>pariter</span> <span class='ocrx_word' id='word_1_149' title='bbox 650 2843 719 2884; x_wconf 90' lang='lat' dir='ltr'>cum</span> <span class='ocrx_word' id='word_1_150' title='bbox 734 2834 834 2883; x_wconf 90' lang='lat' dir='ltr'>mente</span> <span class='ocrx_word' id='word_1_151' title='bbox 849 2824 980 2883; x_wconf 87' lang='lat' dir='ltr'>colorem</span> 
     </span>
     <span class='ocr_line' id='line_1_24' title="bbox 232 2915 990 2993; baseline 0.003 -18"><span class='ocrx_word' id='word_1_152' title='bbox 232 2915 412 2989; x_wconf 85' lang='lat' dir='ltr'>Perdiderat,</span> <span class='ocrx_word' id='word_1_153' title='bbox 428 2916 587 2993; x_wconf 87' lang='lat' dir='ltr'>gelidoque</span> <span class='ocrx_word' id='word_1_154' title='bbox 602 2936 709 2977; x_wconf 88' lang='lat' dir='ltr'>comae</span> <span class='ocrx_word' id='word_1_155' title='bbox 723 2928 832 2976; x_wconf 89' lang='lat' dir='ltr'>terrore</span> <span class='ocrx_word' id='word_1_156' title='bbox 847 2916 990 2993; x_wconf 89' lang='lat' dir='ltr'>rigebant.</span> 
     </span>
     <span class='ocr_line' id='line_1_25' title="bbox 233 3008 958 3087; baseline -0.001 -18"><span class='ocrx_word' id='word_1_157' title='bbox 233 3011 321 3082; x_wconf 71' lang='lat' dir='ltr'>Fece,</span> <span class='ocrx_word' id='word_1_158' title='bbox 336 3008 389 3069; x_wconf 90' lang='lat' dir='ltr'>viri</span> <span class='ocrx_word' id='word_1_159' title='bbox 404 3008 518 3083; x_wconf 83' lang='lat' dir='ltr'>fautrix,</span> <span class='ocrx_word' id='word_1_160' title='bbox 534 3028 656 3086; x_wconf 90' lang='lat' dir='ltr'>superas</span> <span class='ocrx_word' id='word_1_161' title='bbox 670 3011 793 3087; x_wconf 90' lang='lat' dir='ltr'>delapsa</span> <span class='ocrx_word' id='word_1_162' title='bbox 804 3029 860 3086; x_wconf 88' lang='lat' dir='ltr'>per</span> <span class='ocrx_word' id='word_1_163' title='bbox 873 3028 958 3069; x_wconf 89' lang='lat' dir='ltr'>auras</span> 
     </span>
     <span class='ocr_line' id='line_1_26' title="bbox 233 3100 1004 3178; baseline 0.004 -20"><span class='ocrx_word' id='word_1_164' title='bbox 233 3101 330 3158; x_wconf 89' lang='lat' dir='ltr'>Pallas</span> <span class='ocrx_word' id='word_1_165' title='bbox 345 3100 437 3172; x_wconf 90' lang='lat' dir='ltr'>adest,</span> <span class='ocrx_word' id='word_1_166' title='bbox 453 3111 613 3177; x_wconf 89' lang='lat' dir='ltr'>motaeque</span> <span class='ocrx_word' id='word_1_167' title='bbox 625 3102 711 3177; x_wconf 88' lang='lat' dir='ltr'>jubet</span> <span class='ocrx_word' id='word_1_168' title='bbox 725 3120 894 3178; x_wconf 91' lang='lat' dir='ltr'>supponere</span> <span class='ocrx_word' id='word_1_169' title='bbox 909 3111 1004 3161; x_wconf 85' lang='lat' dir='ltr'>terrae</span> 
     </span>
     <span class='ocr_line' id='line_1_27' title="bbox 231 3192 996 3270; baseline 0.001 -20"><span class='ocrx_word' id='word_1_170' title='bbox 231 3192 376 3269; x_wconf 89' lang='lat' dir='ltr'>Vipereos</span> <span class='ocrx_word' id='word_1_171' title='bbox 391 3194 505 3266; x_wconf 93' lang='lat' dir='ltr'>dentes,</span> <span class='ocrx_word' id='word_1_172' title='bbox 520 3193 624 3270; x_wconf 92' lang='lat' dir='ltr'>populi</span> <span class='ocrx_word' id='word_1_173' title='bbox 639 3193 823 3254; x_wconf 86' lang='lat' dir='ltr'>incrementa</span> <span class='ocrx_word' id='word_1_174' title='bbox 836 3193 932 3253; x_wconf 84' lang='lat' dir='ltr'>futuri.</span> <span class='ocrx_word' id='word_1_175' title='bbox 993 3202 996 3209; x_wconf 83' lang='lat'>&#39;</span> 
     </span>
     <span class='ocr_line' id='line_1_28' title="bbox 233 3285 942 3364; baseline 0.004 -21"><span class='ocrx_word' id='word_1_176' title='bbox 233 3285 320 3345; x_wconf 91' lang='lat' dir='ltr'>Paret</span> <span class='ocrx_word' id='word_1_177' title='bbox 334 3294 372 3358; x_wconf 92' lang='lat' dir='ltr'>et,</span> <span class='ocrx_word' id='word_1_178' title='bbox 388 3297 420 3345; x_wconf 94' lang='lat' dir='ltr'>ut</span> <span class='ocrx_word' id='word_1_179' title='bbox 434 3305 536 3363; x_wconf 91' lang='lat' dir='ltr'>presso</span> <span class='ocrx_word' id='word_1_180' title='bbox 551 3287 667 3346; x_wconf 89' lang='lat' dir='ltr'>sulcum</span> <span class='ocrx_word' id='word_1_181' title='bbox 680 3286 822 3364; x_wconf 80' lang='lat' dir='ltr'>patefecit</span> <span class='ocrx_word' id='word_1_182' title='bbox 835 3298 942 3359; x_wconf 86' lang='lat' dir='ltr'>aratro,</span> 
     </span>
     <span class='ocr_line' id='line_1_29' title="bbox 232 3377 983 3456; baseline 0.003 -19"><span class='ocrx_word' id='word_1_183' title='bbox 232 3377 347 3455; x_wconf 89' lang='lat' dir='ltr'>Spargit</span> <span class='ocrx_word' id='word_1_184' title='bbox 362 3378 444 3438; x_wconf 90' lang='lat' dir='ltr'>humi</span> <span class='ocrx_word' id='word_1_185' title='bbox 455 3380 562 3456; x_wconf 86' lang='lat' dir='ltr'>jussos,</span> <span class='ocrx_word' id='word_1_186' title='bbox 578 3379 716 3439; x_wconf 90' lang='lat' dir='ltr'>mortalia</span> <span class='ocrx_word' id='word_1_187' title='bbox 730 3379 852 3454; x_wconf 86' lang='lat' dir='ltr'>semina,</span> <span class='ocrx_word' id='word_1_188' title='bbox 868 3380 983 3439; x_wconf 78' lang='lat' dir='ltr'>dentes</span> 
     </span>
     <span class='ocr_line' id='line_1_30' title="bbox 233 3471 912 3549; baseline 0.001 -20"><span class='ocrx_word' id='word_1_189' title='bbox 233 3471 319 3544; x_wconf 89' lang='lat' dir='ltr'>Inde,</span> <span class='ocrx_word' id='word_1_190' title='bbox 335 3471 394 3530; x_wconf 88' lang='lat' dir='ltr'>fide</span> <span class='ocrx_word' id='word_1_191' title='bbox 409 3473 513 3547; x_wconf 88' lang='lat' dir='ltr'>majus,</span> <span class='ocrx_word' id='word_1_192' title='bbox 528 3473 634 3548; x_wconf 89' lang='lat' dir='ltr'>glebae</span> <span class='ocrx_word' id='word_1_193' title='bbox 648 3491 775 3549; x_wconf 90' lang='lat' dir='ltr'>coepere</span> <span class='ocrx_word' id='word_1_194' title='bbox 790 3473 912 3544; x_wconf 90' lang='lat' dir='ltr'>moveri,</span> 
     </span>
     <span class='ocr_line' id='line_1_31' title="bbox 233 3562 918 3642; baseline 0.003 -20"><span class='ocrx_word' id='word_1_195' title='bbox 233 3562 391 3639; x_wconf 90' lang='lat' dir='ltr'>Primaque</span> <span class='ocrx_word' id='word_1_196' title='bbox 406 3564 443 3623; x_wconf 92' lang='lat' dir='ltr'>de</span> <span class='ocrx_word' id='word_1_197' title='bbox 458 3563 547 3624; x_wconf 92' lang='lat' dir='ltr'>sulcis</span> <span class='ocrx_word' id='word_1_198' title='bbox 562 3563 642 3625; x_wconf 90' lang='lat' dir='ltr'>acies</span> <span class='ocrx_word' id='word_1_199' title='bbox 656 3565 792 3642; x_wconf 90' lang='lat' dir='ltr'>apparuit</span> <span class='ocrx_word' id='word_1_200' title='bbox 805 3565 918 3637; x_wconf 87' lang='lat' dir='ltr'>hastae,</span> 
     </span>
     <span class='ocr_line' id='line_1_32' title="bbox 232 3655 967 3735; baseline 0.003 -21"><span class='ocrx_word' id='word_1_201' title='bbox 232 3655 379 3732; x_wconf 85' lang='lat' dir='ltr'>Tegmina</span> <span class='ocrx_word' id='word_1_202' title='bbox 394 3675 464 3715; x_wconf 86' lang='lat' dir='ltr'>mox</span> <span class='ocrx_word' id='word_1_203' title='bbox 478 3656 608 3734; x_wconf 81' lang='lat' dir='ltr'>capiturn&#39;</span> <span class='ocrx_word' id='word_1_204' title='bbox 623 3657 705 3735; x_wconf 88' lang='lat' dir='ltr'>picto</span> <span class='ocrx_word' id='word_1_205' title='bbox 719 3657 854 3717; x_wconf 91' lang='lat' dir='ltr'>nutantia</span> <span class='ocrx_word' id='word_1_206' title='bbox 868 3676 967 3731; x_wconf 84' lang='lat' dir='ltr'>con03</span> 
     </span>
    </p>

    <p class='ocr_par' dir='ltr' id='par_1_6' title="bbox 233 3748 1028 3920">
     <span class='ocr_line' id='line_1_33' title="bbox 234 3748 1028 3827; baseline 0.005 -21"><span class='ocrx_word' id='word_1_207' title='bbox 234 3749 310 3807; x_wconf 85' lang='lat' dir='ltr'>Mox</span> <span class='ocrx_word' id='word_1_208' title='bbox 324 3749 439 3808; x_wconf 88' lang='lat' dir='ltr'>humeri</span> <span class='ocrx_word' id='word_1_209' title='bbox 453 3761 617 3827; x_wconf 88' lang='lat' dir='ltr'>pectusque</span> <span class='ocrx_word' id='word_1_210' title='bbox 632 3760 813 3825; x_wconf 89' lang='lat' dir='ltr'>onerataque</span> <span class='ocrx_word' id='word_1_211' title='bbox 827 3748 949 3808; x_wconf 87' lang='lat' dir='ltr'>brachia</span> <span class='ocrx_word' id='word_1_212' title='bbox 962 3749 1028 3810; x_wconf 90' lang='lat' dir='ltr'>telis</span> 
     </span>
     <span class='ocr_line' id='line_1_34' title="bbox 233 3840 973 3920; baseline 0.003 -20"><span class='ocrx_word' id='word_1_213' title='bbox 233 3840 395 3915; x_wconf 83' lang='lat' dir='ltr'>Exsistunt,</span> <span class='ocrx_word' id='word_1_214' title='bbox 411 3842 575 3920; x_wconf 89' lang='lat' dir='ltr'>crescitque</span> <span class='ocrx_word' id='word_1_215' title='bbox 590 3862 674 3920; x_wconf 90' lang='lat' dir='ltr'>seges</span> <span class='ocrx_word' id='word_1_216' title='bbox 689 3842 823 3920; x_wconf 86' lang='lat' dir='ltr'>clypeata</span> <span class='ocrx_word' id='word_1_217' title='bbox 837 3841 973 3902; x_wconf 86' lang='lat' dir='ltr'>virorum.</span> 
     </span>
    </p>

    <p class='ocr_par' dir='ltr' id='par_1_7' title="bbox 233 3933 871 4007">
     <span class='ocr_line' id='line_1_35' title="bbox 233 3933 871 4007; baseline -0.002 -13"><span class='ocrx_word' id='word_1_218' title='bbox 233 3933 290 4007; x_wconf 91' lang='lat' dir='ltr'>Sic,</span> <span class='ocrx_word' id='word_1_219' title='bbox 306 3933 356 3994; x_wconf 93' lang='lat' dir='ltr'>ubi</span> <span class='ocrx_word' id='word_1_220' title='bbox 372 3936 515 3995; x_wconf 91' lang='lat' dir='ltr'>tolluntur</span> <span class='ocrx_word' id='word_1_221' title='bbox 528 3935 609 3996; x_wconf 82' lang='lat' dir='ltr'>festis</span> <span class='ocrx_word' id='word_1_222' title='bbox 624 3936 728 3995; x_wconf 90' lang='lat' dir='ltr'>aulaea</span> <span class='ocrx_word' id='word_1_223' title='bbox 742 3933 871 4006; x_wconf 68' lang='lat' dir='ltr'>theatris</span> 
     </span>
    </p>

    <p class='ocr_par' dir='ltr' id='par_1_8' title="bbox 233 4026 1061 4202">
     <span class='ocr_line' id='line_1_36' title="bbox 233 4026 1061 4106; baseline 0.002 -20"><span class='ocrx_word' id='word_1_224' title='bbox 233 4027 356 4103; x_wconf 89' lang='lat' dir='ltr'>Surgere</span> <span class='ocrx_word' id='word_1_225' title='bbox 371 4026 453 4104; x_wconf 91' lang='lat' dir='ltr'>signa</span> <span class='ocrx_word' id='word_1_226' title='bbox 468 4030 573 4102; x_wconf 90' lang='lat' dir='ltr'>solent,</span> <span class='ocrx_word' id='word_1_227' title='bbox 588 4028 776 4106; x_wconf 85' lang='lat' dir='ltr'>primumque</span> <span class='ocrx_word' id='word_1_228' title='bbox 787 4028 949 4088; x_wconf 68' lang='lat' dir='ltr'>‘ostendere</span> <span class='ocrx_word' id='word_1_229' title='bbox 962 4030 1061 4089; x_wconf 85' lang='lat' dir='ltr'>vultus</span> 
     </span>
     <span class='ocr_line' id='line_1_37' title="bbox 234 4120 952 4202; baseline 0.004 -23"><span class='ocrx_word' id='word_1_230' title='bbox 234 4120 342 4180; x_wconf 89' lang='lat' dir='ltr'>Cetera</span> <span class='ocrx_word' id='word_1_231' title='bbox 355 4121 518 4198; x_wconf 90' lang='lat' dir='ltr'>paullatim,</span> <span class='ocrx_word' id='word_1_232' title='bbox 534 4121 712 4202; x_wconf 83' lang='lat' dir='ltr'>placidoque</span> <span class='ocrx_word' id='word_1_233' title='bbox 727 4121 835 4182; x_wconf 91' lang='lat' dir='ltr'>educta</span> <span class='ocrx_word' id='word_1_234' title='bbox 849 4131 952 4182; x_wconf 90' lang='lat' dir='ltr'>tenore</span> 
     </span>
    </p>
   </div>
   <div class='ocr_carea' id='block_1_3' title="bbox 0 0 1310 4926">
    <p class='ocr_par' dir='ltr' id='par_1_9' title="bbox 0 0 1310 4926">
     <span class='ocr_line' id='line_1_38' title="bbox 0 0 1310 4926; baseline 0 0"><span class='ocrx_word' id='word_1_235' title='bbox 0 0 1310 4926; x_wconf 95' lang='lat' dir='ltr'> </span> 
     </span>
    </p>
   </div>
  </div>
 </body>
</html>
