2610 4926
261 1126 302 1226 P.
328 1125 671 1224 VIRGILII
710 1129 988 1226 MARON
1001 1133 1066 1230 IS

557 1391 745 1459 AENEIS.

601 1611 702 1648 ..0-

543 1779 703 1839 arnna
732 1781 761 1839 1.
851 1865 853 1871 k

193 1937 269 2000 Annii
279 1939 428 2018 virumque
441 1958 528 2014 can0,
543 1942 651 2020 Trojae
665 1940 716 2017 qui
731 1939 842 2018 primus
856 1942 895 2002 ab
910 1941 971 2004 oris

191 2029 292 2107 lutiam,
306 2035 366 2094 sato
379 2035 530 2112 profugus,
545 2035 718 2110 Lavinaque
732 2033 814 2094 venit

191 2122 277 2200 Litora,
291 2129 414 2187 multum
427 2127 476 2186 ille
490 2137 521 2186 et
535 2128 617 2187 terris
630 2129 757 2203 jactatus
771 2140 801 2187 et
815 2128 876 2188 alto

189 2215 220 2274 Vi
231 2237 363 2296 superum,
378 2238 485 2279 saevae
500 2239 660 2279 memorem
671 2220 798 2297 Junonis
813 2223 853 2280 ob
868 2220 949 2295 iram,

190 2308 266 2371 Multa
278 2306 394 2390 quoque
409 2323 439 2372 et
453 2313 533 2372 bello
548 2332 660 2389 passus,
677 2315 747 2372 dum
761 2314 904 2374 conderet
917 2315 1029 2390 urbem,
1131 2348 1143 2385 ς

188 2403 346 2482 Inierretque
361 2407 435 2465 deos
450 2406 545 2479 Latio,
560 2425 653 2482 genus
668 2407 747 2465 unde
762 2407 900 2467 Latinum

187 2496 330 2577 Albanique
345 2511 445 2577 patres
460 2511 548 2575 atque
563 2500 639 2558 altae
654 2499 773 2558 moenia
787 2503 910 2559 Romae.

219 2591 302 2664 Musa,
316 2592 389 2651 mihi
404 2611 523 2651 caussas
536 2611 675 2663 memora,
692 2611 752 2667 quo
766 2594 886 2652 numine
901 2594 991 2669 laeso,

184 2680 281 2754 Quidve
295 2687 411 2758 dolens,
425 2684 526 2761 regina
541 2684 628 2743 deum
644 2696 688 2744 tot
702 2686 820 2744 volvere
834 2705 919 2745 casus

183 2773 313 2853 Insignem
329 2779 439 2855 pietate
453 2777 556 2850 virum,
572 2787 616 2837 tot
630 2778 711 2836 adire
727 2778 843 2837 labores

156 2902 159 2911 ·
183 2869 322 2947 Impulerit
366 2873 521 2931 Tantaene
536 2871 641 2930 animis
656 2871 834 2931 coelestibus
849 2871 929 2932 irae?

211 2965 283 3024 Urbs
296 2965 420 3041 antiqua
433 2964 496 3037 fuit,
511 2964 593 3041 Tyrii
608 2975 728 3024 tenuere
742 2964 850 3038 coloni,

179 3057 324 3136 Karthago,
342 3060 459 3118 Italiam
474 3070 578 3118 contra
591 3058 791 3134 Tiberinaque
805 3060 893 3134 longe

175 3151 256 3224 Ostia,
271 3154 355 3212 dives
369 3172 460 3228 opum
476 3151 640 3227 studiisque
655 3151 814 3227 asperrima
828 3150 918 3225 belli;

174 3244 259 3318 Quam
272 3248 354 3324 Juno
368 3247 458 3305 fertur
472 3246 555 3304 terris
569 3244 662 3322 magis
677 3245 816 3304 omnibus
830 3264 919 3303 unam
1118 3278 1141 3316 ις

172 3338 335 3398 Posthabita
348 3338 477 3398 coluisse
492 3340 599 3411 Samo;
620 3337 669 3396 hic
683 3337 760 3395 illius
775 3356 863 3410 arma,

170 3432 225 3491 Hic
238 3453 337 3492 currus
352 3432 425 3505 suit;
447 3431 504 3491 hoc
519 3451 639 3508 regnum
655 3431 711 3490 dea
725 3431 862 3507 gentibus
877 3449 949 3503 esse,

169 3525 266 3601 Siqua
280 3529 340 3585 sata
355 3525 462 3596 sinant,
476 3526 538 3600 jam
552 3536 614 3583 tum
629 3523 783 3600 tenditque
799 3525 944 3599 fovetque.

167 3619 334 3695 Progeniem
350 3617 498 3677 sedenim
514 3619 646 3693 Trojano
660 3637 678 3675 a
692 3617 834 3700 sanguine
849 3618 917 3677 duci

164 3712 310 3785 Audierat,
325 3712 432 3788 Tyrias
446 3711 518 3769 olim
533 3730 609 3787 quae
624 3722 749 3769 verteret
762 3728 864 3783 arces3

163 3806 242 3866 Hinc
256 3807 400 3883 populum
415 3806 475 3863 late
490 3823 587 3880 regem
602 3804 741 3879 belloque
757 3804 915 3879 superbum

162 3900 323 3958 Venturum
337 3897 474 3958 exscidio
488 3896 599 3973 Libyae
613 3920 619 3956 ε
640 3897 682 3956 sic
696 3898 814 3955 volvere
830 3898 945 3955 Parcas.

161 3993 194 4050 ld
210 4004 345 4051 metuens
359 3990 528 4066 veterisque
543 4009 655 4049 memor
671 3990 806 4049 Saturnia
819 3990 898 4061 belli,

158 4085 255 4145 Prima
268 4085 350 4163 quod
367 4085 406 4144 ad
421 4084 543 4162 Trojam
557 4102 611 4159 pro
625 4082 699 4142 caris
713 4092 843 4159 gesserat
856 4080 943 4158 Argis
952 4113 993 4123 -

357 4178 372 4218 8
730 4170 739 4194 Q
