2610 4926
214 1202 219 1214 ,
262 1098 675 1211 RVIRGILH
710 1102 990 1199 MARON
1003 1104 1069 1202 IS

527 1339 783 1406 GEORGICA

604 1535 704 1571 -ο-

445 1642 448 1647 ’
542 1690 704 1759 LIBER
733 1693 763 1751 1.

199 1843 262 1919 Qm
272 1848 356 1911 saciat
369 1850 461 1930 laetas
475 1861 600 1928 segetes,
616 1868 677 1928 quo
691 1849 788 1911 sidere
802 1860 909 1913 terram

197 1936 297 2017 Vertere,
313 1945 484 2017 Maecenas,
499 1943 647 2021 ulmisque
662 1945 825 2020 adjungere
838 1945 914 2005 vites

194 2029 340 2110 Conveniat,
356 2055 433 2113 quae
447 2055 519 2096 cura
532 2038 634 2111 boum,
650 2036 701 2114 qui
715 2037 812 2097 cultus
827 2036 968 2099 habendo

192 2121 224 2183 Sit
234 2128 330 2203 pecori,
345 2128 454 2207 apibus
468 2141 581 2207 quanta
595 2129 777 2207 experientia
792 2131 898 2208 parcis,

191 2217 253 2280 Hinc
265 2240 367 2282 canere
383 2221 532 2300 incipiam.
574 2225 648 2296 Vos,
664 2241 684 2282 0
697 2222 860 2283 clarissima
874 2223 978 2285 mundi
1128 2254 1140 2294 ς

188 2307 299 2388 lumina,
314 2316 465 2374 labentem
480 2316 566 2375 coelo
581 2334 657 2393 quae
673 2315 780 2376 ducitis
796 2335 926 2393 annum;

186 2401 257 2465 Liber
268 2419 296 2467 et
309 2409 388 2467 alma
403 2410 504 2482 Ceres,
520 2420 618 2468 vestro
631 2407 659 2468 si
673 2427 794 2468 munere
810 2411 896 2470 tellus

184 2496 329 2559 Chaoniam
344 2500 446 2578 pingui
461 2502 600 2577 glandem
616 2501 740 2560 mutavit
754 2501 850 2574 arista,

182 2589 332 2670 Poculaque
347 2593 475 2653 inventis
490 2593 637 2653 Acheloia
651 2593 769 2654 miscuit
783 2596 849 2655 uvis
860 2617 869 2671 3

178 2682 209 2743 Et
220 2705 276 2759 vos,
292 2697 440 2763 agrestum
456 2685 621 2762 praesentia
635 2686 765 2759 numina,
782 2688 885 2761 Fauni,
1113 2720 1138 2748 ιο

177 2775 248 2838 Ferte
262 2780 348 2838 simul
364 2779 518 2855 Faunique
533 2779 641 2855 pedem
657 2781 854 2857 Dryadesque
869 2781 1005 2857 puellae:

174 2869 287 2931 Munera
300 2884 397 2931 vestm
411 2890 495 2931 cano.
539 2874 647 2948 Tuque
662 2889 689 2945 0,
705 2872 753 2931 cui
768 2873 863 2949 prima
882 2872 1056 2934 frementem

173 2962 250 3024 Fudit
264 2984 373 3041 equum
389 2984 498 3041 magno
514 2965 600 3024 tellus
615 2983 754 3041 percussa
768 2964 896 3038 tridenti,

171 3056 321 3134 Neptune3
342 3070 371 3118 et
385 3058 481 3117 cultor
495 3077 659 3131 nemorum,
674 3057 722 3117 eui
742 3057 864 3134 pinguia
879 3059 960 3118 Ceae

169 3149 351 3210 Tercentum
368 3150 447 3209 nivei
462 3151 588 3210 tondent
603 3151 724 3210 dumeta
735 3150 875 3229 juvenci;
1113 3180 1137 3219 ι,
1184 3232 1186 3236 Α

170 3241 240 3317 lpse,
255 3262 360 3303 nemus
375 3243 513 3320 linquens
528 3243 655 3320 patrium
670 3244 821 3319 saltusque
837 3242 954 3320 Lycaei,

169 3334 235 3407 Pan,
250 3335 350 3394 ovium
364 3347 473 3408 custos,
491 3349 541 3395 tua
555 3336 579 3395 si
595 3335 649 3396 tibi
664 3337 804 3395 Maenala
818 3355 914 3410 curae,

168 3427 261 3499 Adsis,
277 3447 297 3487 o
311 3429 457 3505 Tegeaee,
473 3429 585 3502 favens,
601 3429 745 3504 oleaeque
761 3429 897 3489 Minerva

169 3519 321 3595 Inventrix,
337 3523 467 3598 uncique
483 3541 555 3599 puer
569 3532 747 3581 monstrator
762 3521 855 3595 aratri,

168 3612 203 3671 Et
216 3626 343 3673 teneram
358 3616 397 3674 ab
412 3614 512 3674 radice
527 3615 632 3687 lerenS,
649 3614 776 3686 Silvane,
791 3633 972 3690 cupressum,
1111 3645 1136 3673 ω

168 3705 259 3782 Dique
274 3708 409 3784 deaeque
424 3726 537 3780 omnes,
554 3706 683 3766 studium
699 3706 806 3782 quibus
821 3726 889 3766 arva
903 3707 985 3781 tueri,

166 3797 278 3876 Quique
293 3819 386 3859 novas
402 3801 480 3859 alitis
495 3819 555 3859 non
572 3801 633 3858 ullo
648 3799 761 3858 semine
776 3799 880 3876 fruges

164 3890 277 3969 Quique
292 3895 364 3952 satis
379 3893 491 3970 largum
507 3894 592 3953 coelo
608 3891 761 3952 demittitis
775 3892 920 3967 imbrem;

161 3984 263 4062 Tuque
278 3986 365 4058 adeo,
382 4005 471 4063 quem
487 4005 557 4045 mox
572 3981 649 4062 quae
663 3985 722 4044 sint
737 3986 872 4045 habitura
886 3987 1010 4045 deorum
1067 4043 1070 4048 .

161 4079 301 4153 Concilia,
317 4079 463 4139 incertum
478 4089 531 4152 est,
546 4079 673 4137 urbesne
687 4077 821 4152 invisere,
837 4081 957 4151 Caesar,
1109 4102 1134 4141 τε
