2610 4926
514 686 674 732 munos
695 688 754 732 un
777 689 797 732 1.

215 828 260 903 Jtm
269 831 364 890 coelrm
377 840 546 908 terramque
560 850 629 891 meo
643 831 708 893 sine
723 833 853 907 nurnine,
868 835 969 910 Venti,

215 922 313 996 llisoue,
325 934 353 983 ct
364 933 462 983 tantas
475 924 595 984 audetis
609 926 714 985 tollere
728 927 843 986 moles?

212 1013 269 1087 Quos
279 1021 390 1094 ego-l
423 1017 486 1105 Sed
501 1027 600 1076 motos
614 1029 744 1094 praestat
758 1037 940 1097 componere
952 1019 1070 1084 fluctus.
1110 1051 1148 1091 ῃ,

210 1107 260 1167 Post
269 1110 328 1168 milti
341 1128 400 1169 non
414 1108 506 1170 simili
520 1127 621 1186 poena
634 1110 795 1170 commissa
808 1111 903 1171 luetis

209 1199 319 1262 limate
331 1203 439 1281 fugam,
455 1202 578 1280 regique
593 1203 668 1262 baec
682 1203 773 1263 dicite
787 1214 905 1264 vestro:

207 1292 256 1352 Non
266 1294 299 1354 illi
311 1295 467 1373 imperium
481 1295 581 1373 pelagi
596 1314 778 1372 saevumque
792 1296 961 1371 tridentem,

205 1384 246 1444 Sed
256 1389 314 1447 mihi
326 1399 406 1448 sorte
420 1388 533 1448 datum
576 1389 673 1447 Tenet
688 1389 738 1447 ille
753 1389 894 1449 immania
907 1409 987 1464 sara,

204 1477 302 1553 lutras,
317 1483 402 1554 Eure,
417 1481 526 1541 domos
534 1502 543 1554 3
563 1480 615 1540 illa
628 1499 661 1540 se
681 1481 773 1556 jactet
788 1481 817 1539 in
832 1482 901 1541 aula
1109 1511 1147 1548 ιφ

203 1571 293 1647 totos,
306 1585 335 1634 et
347 1575 451 1634 clauso
464 1582 621 1633 ventorum
635 1592 753 1632 earcere
768 1584 877 1652 regnet

229 1664 267 1724 Sic
276 1667 319 1739 ait,
333 1677 363 1727 et
376 1667 459 1726 dicto
472 1667 560 1726 citius
575 1666 689 1725 mmida
702 1684 833 1742 aequora
846 1666 955 1742 placat,

200 1755 375 1836 Collectasque
389 1759 472 1837 fugat
487 1758 583 1818 nubes
597 1759 751 1834 solemque
765 1759 889 1818 reducit

198 1848 333 1925 Cymothoe
345 1852 433 1912 simul
446 1861 478 1911 et
491 1850 595 1910 Triton
611 1851 738 1910 adnixus
752 1862 841 1910 acuto

199 1938 338 2004 Detrudunt
352 1963 446 2005 naves
459 1944 584 2020 scopulo
596 1966 606 2018 ;
625 1945 705 2004 levat
718 1944 783 2020 ipse
797 1941 939 2016 tridenti,
998 1963 1002 1970 ’
1107 1971 1144 2010 us

197 2031 318 2096 &vastas
330 2037 425 2114 aperit
440 2038 550 2115 Syrtes,
566 2047 597 2096 et
611 2047 758 2113 temperat
773 2054 893 2113 aequor,

195 2125 271 2202 toque
282 2130 352 2190 rotis
365 2148 497 2189 summas
511 2130 626 2189 levibus
639 2129 803 2207 perlabitur
817 2128 921 2187 undas.

193 2219 228 2276 Ac
238 2221 315 2281 veluti
328 2241 438 2301 magno
453 2222 483 2281 in
497 2223 609 2300 populo
623 2241 715 2298 quum
730 2240 821 2298 saepe
835 2231 938 2281 coorta
951 2230 997 2280 est

195 2310 291 2387 Seditio,
305 2316 456 2391 saevitque
471 2315 578 2374 animis
593 2313 724 2393 ignobile
738 2315 853 2391 vulgus,

191 2404 291 2482 latoque
304 2408 383 2467 faces
397 2419 429 2468 et
442 2427 513 2468 saxa
527 2407 677 2467 volant-
686 2409 765 2467 furor
779 2427 862 2466 arma
875 2406 1071 2465 ministrat—
1106 2433 1143 2470 no

194 2495 260 2570 Tum,
273 2501 378 2578 pietate
391 2520 511 2578 gravem
526 2519 560 2559 ac
576 2500 690 2560 meritis
705 2500 821 2583 sisorte
835 2500 930 2558 virum
945 2517 1035 2575 quem

191 2590 363 2669 Conspexere,
379 2593 470 2653 silent
476 2593 663 2670 'arrectisque
677 2594 797 2652 auribus
810 2593 930 2652 adstant
941 2613 950 2665 3

191 2683 233 2742 llle
244 2688 311 2764 regit
324 2686 412 2747 dictis
424 2686 549 2759 animos,
565 2697 595 2746 et
609 2699 731 2763 pectora
745 2687 854 2745 mulcet
869 2707 875 2744 :

189 2775 225 2835 stc
235 2792 348 2839 cunctus
362 2780 460 2857 pelagi
475 2780 583 2838 cecidit
598 2781 703 2856 fragor,
719 2798 849 2854 aequora
863 2788 1022 2854 postquam

189 2868 352 2947 Prospiciens
366 2873 484 2950 genitor
497 2873 642 2947 coeloque
656 2872 792 2930 invectus
806 2882 910 2947 aperto
1107 2897 1143 2935 ις,

188 2961 273 3025 Flectit
285 2986 377 3042 equos
392 2984 539 3041 curruque
553 2966 658 3024 volans
673 2965 724 3024 dat
739 2965 802 3023 lora
815 2964 958 3024 secundo.

215 3058 322 3119 Defessi
336 3058 508 3130 Aeneadae,
524 3076 600 3133 quae
615 3058 749 3133 proxima
763 3058 858 3129 litora,
874 3076 963 3116 cursu

183 3149 358 3211 Contendunt
372 3163 483 3229 petere,
499 3161 530 3210 et
544 3151 656 3228 Libyae
671 3161 825 3210 vertuntur
838 3150 877 3209 ad
892 3168 968 3209 oras.

180 3241 224 3302 Est
237 3245 263 3302 in
278 3263 400 3304 secessu
414 3244 503 3320 longo
518 3244 619 3302 locus:
640 3243 737 3302 insula
751 3253 869 3320 portum

178 3334 263 3396 Efficit
276 3338 397 3414 objectu
411 3337 545 3408 laterum,
561 3337 669 3412 quibus
684 3337 782 3395 omnis
797 3336 835 3395 ab
851 3336 911 3394 alto
1107 3347 1144 3386 160
1241 3363 1246 3375 ·

177 3427 319 3506 frangitur
335 3430 425 3504 inque
441 3429 523 3487 sinus
538 3427 646 3487 scindit
661 3448 727 3488 sese
742 3430 823 3487 unda
836 3429 975 3487 reductos
988 3449 997 3501 ;

175 3520 248 3579 Hinc
260 3533 349 3597 atque
363 3520 435 3579 binc
447 3531 547 3579 vastae
562 3540 651 3597 mpes
665 3521 836 3598 geminique
850 3521 1000 3580 minantur

173 3613 204 3670 In
218 3616 330 3672 coelum
345 3613 471 3689 scopuli,
488 3631 613 3689 quorum
628 3614 684 3672 sub
699 3614 809 3672 vertice
825 3614 882 3672 late

171 3706 302 3781 Aequora
316 3717 380 3765 tuta
394 3705 503 3779 silent;
523 3716 586 3765 tum
600 3706 682 3765 silvis
697 3725 787 3765 scena
801 3705 933 3765 coruscis

169 3797 300 3874 Desuper
314 3797 506 3873 horrentique
520 3810 614 3857 atmm
629 3817 735 3856 nemus
750 3798 884 3857 imminet
897 3798 1002 3857 umbra
1014 3820 1024 3873 3
1107 3826 1115 3852 t

169 3889 274 3949 Fronte
288 3892 345 3951 sub
359 3891 484 3949 adversa
499 3891 631 3966 scopulis
646 3890 846 3967 pendentibus
860 3901 986 3964 antrum,

165 3983 248 4042 lntus
263 4002 358 4059 aquae
373 3984 478 4043 dulces
492 3982 619 4059 vivoque
634 3982 741 4043 sedilia
755 4003 835 4055 saxo,

163 4077 366 4155 Nympharum
381 4077 508 4136 domus:
528 4076 575 4136 hic
590 4077 684 4135 fessas
700 4095 760 4137 non
772 4077 891 4136 vincula
905 4093 998 4136 naves
