2610 4926
446 664 609 713 wcourca
651 666 718 711 1301.
740 665 795 711 Vll.

101 836 105 842 ·
163 810 293 871 Horridior
304 829 400 885 rusco,
416 811 553 888 projecta
565 810 650 870 vilior
664 812 739 890 alga,

162 903 255 962 Sinihi
265 923 321 965 non
335 906 412 964 hacc
427 905 478 963 lux
491 914 555 965 toto
572 905 635 983 jam
649 905 768 984 longior
782 924 863 966 anno
877 913 932 965 est.

163 996 200 1055 ltc
210 996 315 1057 domum
327 998 417 1076 pasti,
433 997 459 1057 si
474 997 541 1074 quis
554 997 659 1074 pudor,
676 998 716 1058 ite
733 998 861 1079 juvenci

545 1117 683 1156 coturnos.

164 1181 270 1243 Muscosi
283 1183 381 1244 sontes
395 1193 426 1243 et
440 1203 547 1243 somno
561 1183 679 1244 mollior
692 1186 793 1258 herba,

164 1273 194 1332 Et
204 1293 264 1350 quae
276 1295 330 1337 vos
343 1296 410 1336 rara
424 1277 526 1336 uiridis
541 1276 613 1355 tegit
627 1279 750 1338 arbutus
764 1279 877 1351 umbra,

164 1367 298 1428 Solstitium
312 1371 415 1447 pecori
430 1370 582 1429 defendite
596 1392 605 1444 ;
623 1373 684 1448 jam
699 1372 781 1432 venit
794 1383 891 1431 aestas

163 1459 268 1536 Torridc,
287 1464 349 1539 jaun
363 1463 444 1523 laeto
457 1473 576 1540 turgent
590 1463 620 1522 in
634 1464 756 1541 palmite
770 1480 915 1543 gemmae.
975 1516 985 1537 ,

559 1584 681 1622 rnrrsrs

163 1645 210 1704 llic
220 1646 294 1708 locrus
308 1658 339 1708 et
353 1649 459 1709 taedae
469 1650 605 1729 pingues,
620 1651 670 1710 hic
683 1651 827 1728 plurimus
841 1649 919 1727 ignis

163 1736 268 1816 Semper,
279 1750 309 1799 et
318 1741 447 1801 adsidua
460 1753 564 1819 postes
579 1743 701 1820 iuligine
715 1742 790 1822 nigri
802 1764 811 1817 3
938 1812 942 1818 ¹

162 1830 209 1890 Hic
220 1843 327 1892 tantum
341 1835 454 1894 Boreae
469 1853 605 1895 curamus
619 1835 735 1914 frigora,
751 1843 895 1912 quantum

162 1923 208 1983 lut
219 1944 368 1985 numerum
380 1927 476 2004 lupus,
492 1937 543 1987 aut
557 1929 699 1987 torrentia
712 1927 835 1987 flumina
848 1926 936 2004 ripas.

534 2041 697 2079 ·convnoN.

162 2098 229 2161 Stant
240 2114 268 2165 et
286 2104 417 2182 juniperi
432 2116 462 2166 et
475 2117 633 2167 castaneae
648 2107 800 2182 hirsutae;
820 2165 823 2171 .

161 2192 239 2255 Strata
253 2198 353 2276 jacent
367 2199 480 2275 passim
495 2219 549 2259 sua
562 2219 680 2277 quaque
694 2201 751 2260 sub
765 2199 870 2260 arbore
884 2214 976 2278 poma
983 2215 996 2274 3

161 2285 249 2348 Omnia
261 2310 339 2350 nunc
354 2290 471 2366 rident;
491 2302 521 2351 at
535 2293 561 2352 si
575 2293 721 2352 formosus
736 2293 852 2354 Alexis·
1091 2313 1116 2353 su

136 2438 141 2446 ,
161 2377 294 2442 lloutibus
307 2383 355 2442 his
369 2385 465 2457 abeat,
481 2386 584 2445 videas
598 2397 628 2444 et
642 2385 763 2446 flumina
777 2387 863 2446 sicca

557 2490 681 2527 rurasus

160 2559 220 2618 Aret
231 2580 296 2638 ager
309 2584 317 2635 3
336 2563 410 2622 vitio
424 2563 552 2625 moriens
567 2565 628 2625 sitit
642 2566 720 2626 aeris
733 2566 844 2638 herba;

160 2649 234 2710 Liber
245 2655 417 2731 pampineas
430 2656 536 2717 inuidit
549 2658 675 2718 collibus
689 2658 810 2717 umbras
823 2679 829 2716 :

160 2743 284 2821 Phyllidis
297 2748 428 2808 adventu
443 2761 561 2810 nostrae
576 2771 680 2811 nemus
695 2770 783 2810 omne
797 2750 912 2824 virebit,

159 2836 277 2914 Juppiter
291 2851 321 2900 et
335 2841 415 2902 laeto
429 2843 593 2904 descendet
607 2845 750 2921 plurimus
765 2845 860 2904 imbri.

554 2961 695 2999 convnoN.

161 3018 275 3095 Populus
288 3023 414 3083 Alcidae
428 3026 604 3103 gratissima,
620 3027 689 3086 vitis
704 3027 824 3097 laccho,

161 3111 305 3173 Formosae
319 3126 432 3193 myrtus
446 3120 566 3191 Veneri,
581 3138 637 3178 sua
650 3119 749 3178 laurea
763 3118 907 3190 Phoebo;

161 3203 259 3279 Phyllis
272 3218 350 3265 amat
364 3210 498 3287 corylos;
519 3212 585 3270 illas
599 3212 670 3270 dum
685 3211 797 3288 Phyllis
812 3209 932 3282 amabit,

162 3296 220 3356 Nec
230 3309 337 3377 myrtus
351 3300 451 3362 vincet
464 3305 590 3382 corylos,
605 3322 661 3362 nec
677 3305 778 3363 laurea
792 3301 916 3362 Phoebi.

367 3402 372 3412 ’
575 3412 698 3450 aurursus

163 3471 290 3537 Fraxinus
304 3478 334 3537 in
348 3477 432 3538 silvis
445 3478 651 3555 pulcherrima,
666 3478 754 3554 pinus
765 3477 799 3537 ‘in
814 3476 915 3550 hortis,
1098 3491 1123 3539 ⁶⁵

163 3565 280 3642 Populus
292 3571 323 3629 in
337 3571 441 3643 fluviis,
457 3570 539 3630 abies
554 3569 584 3629 in
599 3569 749 3630 montibus
763 3569 852 3645 altisy

164 3657 274 3735 Saepius
287 3673 317 3722 at
331 3664 356 3723 si
371 3682 429 3735 me,
445 3663 557 3740 Lycida
571 3664 710 3735 formose,
726 3661 848 3734 revisas,

165 3750 296 3814 Fraxinus
310 3756 340 3814 in
355 3755 437 3816 silvis
451 3756 539 3814 cedat
553 3756 616 3828 tibi,
632 3757 720 3832 pinus
735 3754 766 3813 in
780 3753 881 3814 hortis

351 3912 356 3920 ,
432 3836 434 3842 ’
555 3875 720 3913 nantuacus.

165 3934 243 3996 llaec
255 3938 385 4011 memini,
397 3949 428 3999 et
441 3939 552 3999 victum
566 3942 673 4000 frustra
687 3941 869 4000 contendere
883 3938 1031 4019 Hyrsinu

163 4026 203 4086 Er
216 4029 264 4090 illo
278 4032 420 4111 Corydon
436 4033 575 4117 Corydon
590 4043 637 4093 est
651 4042 783 4110 tempore
797 4033 893 4092 nobis
1103 4055 1129 4094 r·
