2610 4926
67 25 1304 324 u

90 295 110 299 γ
1256 312 1261 322 ι

623 344 626 352 ι

1021 388 1026 398 r

47 433 56 447 Q

238 748 276 824 5⁶
570 760 597 807 r.
618 762 720 807 orrorr
741 760 876 807 uasours

236 911 282 968 Ac
296 905 387 968 veluti
401 908 525 985 supplex
538 927 593 985 pro
607 918 668 968 tam
682 908 833 969 furialibus
847 907 927 968 ausis

237 1004 318 1069 Ante
331 1000 424 1078 pedes
436 1001 537 1078 jacuit
582 1002 642 1061 Sed
657 1001 737 1061 enim
752 1001 906 1062 temeraria
919 1011 1058 1063 crescunt

136 1090 138 1096 ’
237 1095 327 1167 Bella,
343 1094 511 1170 modusque
524 1093 598 1154 abiit
612 1095 776 1171 insanaque
790 1105 893 1172 regnat
909 1093 1045 1172 Erinnys.

237 1188 413 1263 Cunctaque
429 1187 487 1245 tela
501 1188 597 1246 forent
609 1198 699 1247 cantu
713 1186 836 1261 mollita,
851 1189 906 1247 sed
921 1187 1025 1265 ingens
1187 1216 1212 1254 ις

237 1281 359 1341 Clamor
373 1290 403 1339 et
417 1279 520 1339 inflato
535 1281 709 1357 Berecyntia
724 1280 796 1340 tibia
810 1299 902 1340 cornu

236 1374 452 1449 Tympanaque
466 1383 496 1432 et
511 1374 630 1449 plausus
644 1384 674 1433 et
690 1373 816 1433 Bacchei
831 1374 959 1432 ululatus

237 1466 438 1541 Obstrepuere
453 1484 529 1525 sono
543 1465 680 1526 citharae.
723 1467 802 1525 Tum
817 1464 946 1542 denique
961 1485 1033 1526 saxa

238 1561 308 1618 Non
323 1557 452 1618 exauditi
467 1559 627 1619 rubuerunt
642 1559 784 1636 sanguine
798 1559 881 1618 vatis

238 1654 284 1711 Ac
298 1651 424 1728 primurn
440 1651 580 1711 attonitas
593 1652 755 1712 etiamnum
769 1670 845 1711 voce
859 1651 993 1712 canentis
1188 1680 1214 1710 ,a
1230 1693 1233 1699 ·

239 1747 413 1804 Innumeras
427 1745 561 1804 volucres
576 1742 745 1830 anguesque
759 1734 926 1822 agmenque
940 1745 1065 1805 serarum

238 1837 405 1897 Maenades
420 1837 532 1912 Orphei
548 1837 665 1897 titulum
679 1856 803 1915 rapuere
818 1838 942 1912 theatri3

238 1930 315 1990 Inde
329 1930 488 1990 cruentatis
502 1941 654 1990 vertuntur
667 1931 698 1989 in
714 1931 835 2007 Orphea
850 1931 969 2005 dextris,

239 2025 277 2082 Et
292 2025 410 2097 coeunt,
428 2033 460 2082 ut
474 2041 552 2096 aves,
568 2023 593 2082 si
608 2024 730 2100 quando
744 2024 810 2083 luce
824 2036 982 2101 vagantem

238 2116 344 2177 Noctis
359 2135 444 2176 avem
459 2126 592 2189 cernunt¹
608 2126 781 2192 structoque
795 2117 942 2193 utrimque
958 2117 1074 2178 theatro
1188 2142 1213 2186 ις

239 2210 282 2269 Ut
297 2209 442 2268 matutina
455 2227 558 2269 cervus
572 2209 718 2286 periturus
733 2226 823 2269 arena

239 2302 352 2361 Praeda
367 2321 473 2362 canum
489 2313 552 2374 est;
569 2312 727 2377 vatemque
742 2313 855 2378 petunt,
872 2312 902 2361 et
917 2303 1021 2363 fronde
1036 2303 1164 2365 virentes
1227 2320 1230 2325 “

238 2395 412 2472 Conjiciunt
425 2395 542 2471 thyrsos
557 2412 617 2453 non
632 2396 707 2453 haec
722 2394 752 2452 in
768 2414 892 2454 munera
905 2397 1007 2457 factos

239 2490 308 2548 Hae
321 2489 434 2565 glebas,
450 2487 517 2547 illae
532 2487 664 2563 direptos
679 2489 783 2547 arbore
797 2506 904 2561 ramos,

238 2582 311 2640 Pars
325 2592 464 2658 torquent
478 2580 583 2639 silices
626 2582 695 2639 Neu
710 2581 808 2640 desint
823 2583 882 2641 tela
896 2582 993 2655 furori,
1190 2614 1215 2651 ,ο

238 2675 326 2734 Forte
341 2676 434 2734 boves
448 2693 550 2751 presso
565 2672 743 2749 subigebant
757 2690 875 2733 vomere
891 2686 1005 2747 terram,

238 2769 304 2826 Nec
319 2768 420 2844 procul
436 2767 513 2838 hinc,
530 2767 623 2826 multo
639 2767 763 2826 fructum
778 2769 885 2826 sudore
901 2780 1046 2844 parantes,

238 2861 322 2920 Dura
335 2860 472 2920 lacertosi
487 2859 640 2920 fodiebant
655 2879 723 2918 arva
738 2861 836 2919 coloni
849 2884 855 2918 :

239 2953 366 3030 Agmine
382 2952 432 3028 qui
447 2953 511 3012 viso
527 2953 641 3030 lugiunt
655 2953 813 3030 operisque
828 2953 998 3030 relinquunt

239 3048 331 3105 Arma
345 3046 398 3117 sui,
414 3065 582 3122 vacuosque
596 3048 696 3122 jacent
710 3046 844 3122 dispersa
859 3066 911 3122 per
925 3066 1010 3122 agros
1190 3077 1213 3115 ,ς

238 3139 415 3214 Sarculaque
430 3138 572 3214 rastrique
587 3158 690 3216 graves
705 3139 844 3215 longique
860 3139 982 3217 ligones.

239 3233 327 3306 Quae
341 3242 501 3308 postquam
516 3250 637 3308 rapuere
654 3232 739 3303 ferae,
756 3250 908 3308 comuque
923 3233 1054 3292 minaces

239 3323 386 3383 Divellere
401 3326 502 3397 boves,
519 3307 556 3384 ad
572 3324 646 3384 vatis
662 3326 721 3384 sata
735 3336 894 3397 recurrunt,

238 3417 486 3494 Tendentemque
503 3436 608 3476 manus
622 3429 712 3494 atque
727 3417 777 3476 illo
793 3428 926 3494 tempore
941 3418 1067 3494 primum

239 3509 326 3569 Irrita
340 3510 488 3569 dicentem
503 3529 559 3570 nec
574 3510 734 3587 quicquam
749 3530 822 3569 voce
838 3521 1007 3569 moventem
1189 3542 1216 3578 ῃ

240 3602 404 3680 Sacrilegae
419 3604 586 3681 perimunt;
607 3622 717 3679 perque
732 3622 766 3660 os
775 3622 878 3678 -pro
892 3602 1008 3679 Jupiter
1018 3607 1024 3661 l
1034 3637 1074 3646 -
1083 3603 1164 3679 illud

239 3695 384 3754 Auditum
399 3697 476 3754 saxis
491 3697 732 3770 intellectumque
748 3695 872 3752 serarum

239 3787 388 3861 Sensibus,
405 3789 435 3847 in
449 3800 554 3847 ventos
569 3787 668 3846 anima
681 3787 816 3845 exhalata
831 3787 957 3846 recessit

238 3882 284 3940 Te
299 3895 428 3941 maestae
442 3882 584 3952 volucres,
601 3878 733 3954 Orpheu,
749 3889 778 3937 te
793 3880 878 3938 turba
891 3881 1026 3954 seramm,

240 3976 285 4033 Te
300 3973 384 4051 rigidi
400 3973 504 4041 silices,
521 3981 571 4030 tua
585 3971 715 4029 carmina
730 3990 818 4046 saepe
833 3983 952 4031 secutae

240 4066 399 4126 Fleverunt
412 4065 522 4137 silvae3
542 4062 647 4139 positis
662 4074 691 4121 te
707 4063 860 4123 frondibus
876 4067 963 4124 arbos
1189 4138 1192 4143 ῃ

239 4160 343 4217 Tonsa
355 4174 472 4217 comam
487 4155 580 4230 lurit3
600 4155 727 4216 lacrimis
741 4160 861 4233 quoque
875 4157 999 4218 flumina
1013 4158 1116 4220 dicunt
