2610 4926
158 725 196 782 88
477 738 502 781 Ρ.
522 737 655 781 vinoun
677 736 820 781 uanoms

160 886 197 943 In
211 880 307 943 burim
321 892 352 943 et
365 881 447 943 curvi
461 883 586 943 formam
600 881 710 961 accipit
722 883 820 943 ulmus
831 882 925 944 aratri.

159 975 242 1037 Huic
256 977 295 1036 ab
310 975 401 1054 stirpe
415 976 508 1054 pedes
522 987 603 1036 temo
617 986 770 1053 protentus
785 976 815 1036 in
829 987 908 1051 octo,

159 1070 251 1130 Binae
266 1088 360 1143 aures,
375 1068 486 1147 duplici
500 1079 639 1147 aptantur
651 1069 782 1129 dentalia
795 1069 893 1130 dorso.

160 1162 302 1224 Caeditur
316 1174 346 1222 et
360 1161 424 1222 tilia
437 1173 505 1223 ante
518 1164 590 1239 jugo
604 1162 685 1236 levis,
701 1163 820 1240 altaque
833 1164 917 1240 fagus

160 1255 310 1332 Stivaque,
327 1275 404 1332 quae
419 1274 521 1315 cursus
536 1274 554 1315 a
567 1264 650 1333 tergo
666 1266 802 1332 torqueat
816 1255 912 1331 imos3

160 1351 200 1409 Et
214 1368 359 1427 suspensa
372 1348 446 1409 focis
460 1350 594 1427 explorat
608 1349 715 1408 robora
728 1349 834 1409 fumus.
866 1421 871 1432 ,
915 1390 918 1396 «

201 1444 327 1502 Possum
342 1443 436 1502 multa
449 1441 503 1501 tibi
517 1451 649 1501 veterum
664 1452 823 1519 praecepta
836 1441 951 1516 referre,

160 1535 201 1594 Ni
215 1535 323 1613 refugis
338 1547 502 1612 tenuesque
516 1533 597 1612 piget
610 1552 791 1612 cognoscere
805 1553 898 1595 curas.

158 1630 239 1688 Area
252 1646 320 1687 cum
336 1626 438 1705 primis
452 1626 564 1705 ingenti
579 1627 736 1704 aequanda
750 1627 884 1704 cylindro

161 1723 199 1782 Et
212 1722 356 1781 vertenda
370 1740 459 1780 manu
474 1731 504 1780 et
519 1731 599 1780 creta
613 1719 771 1780 solidanda
784 1719 890 1794 tenaci,

161 1816 209 1874 Ne
223 1816 350 1874 subeant
365 1815 482 1887 herbae,
498 1833 557 1873 neu
571 1814 691 1891 pulvere
705 1812 784 1873 victa
797 1812 921 1874 fatiscat

160 1908 240 1967 Tum
254 1907 351 1967 variae
366 1907 491 1967 illudant
505 1917 623 1984 pestes:
644 1925 733 1984 saepe
748 1905 949 1983 exiguusmus
1010 1954 1023 1980 ,

160 2001 222 2060 Sub
236 2001 320 2060 terris
335 2000 494 2077 posuitque
509 2001 616 2060 domos
630 2010 720 2077 atque
733 2000 839 2059 horrea
853 1999 923 2060 fecit
931 2021 942 2075 3

160 2095 222 2152 Aut
236 2093 330 2152 oculis
344 2093 424 2171 capti
438 2094 539 2153 fodere
553 2093 664 2152 cubilia
676 2092 796 2169 talpae;

162 2188 365 2263 inventusque
380 2185 460 2246 cavis
474 2186 555 2259 bufo,
571 2195 601 2244 et
615 2204 691 2261 quae
705 2185 833 2262 plurima
847 2196 942 2246 terrae

161 2281 298 2338 Monstra
313 2279 428 2353 ferunt;
449 2280 632 2356 populatque
646 2277 796 2354 ingentem
811 2278 894 2339 farris
908 2298 1047 2340 acervum

162 2371 311 2445 Curculio,
328 2383 417 2447 atque
432 2371 515 2448 inopi
530 2382 664 2431 metuens
680 2371 804 2431 formica
818 2384 964 2432 senectae.

162 2467 390 2542 Contemplator
405 2464 484 2537 item,
500 2483 592 2542 quum
607 2484 639 2524 se
654 2484 714 2523 nur
728 2465 854 2541 plurima
868 2466 950 2525 silvis

163 2558 273 2617 Induet
288 2558 317 2616 in
332 2559 434 2618 florem
449 2569 479 2617 et
493 2576 590 2617 ramos
605 2557 736 2617 curvabit
751 2561 884 2618 olentes:

163 2652 195 2710 Si
210 2662 351 2728 superant
366 2652 450 2724 setus,
467 2651 575 2728 pariter
588 2652 734 2710 fmmenta
748 2663 915 2728 sequentur,

164 2745 335 2821 Magnaque
350 2764 418 2804 curn
434 2763 542 2821 magno
557 2745 655 2804 veniet
671 2744 771 2804 tn‘tura
785 2746 903 2820 calore3

161 2839 203 2895 At
217 2836 242 2897 si
257 2837 371 2897 luxuria
384 2837 521 2898 foliorum
537 2838 677 2897 exulterat
692 2840 805 2910 umbra,

164 2930 374 3007 Nequidquam
390 2931 514 3008 pingues
528 2932 615 3009 palea
629 2942 703 2990 teret
717 2950 784 2991 area
799 2932 920 2992 culmos.

163 3023 282 3082 Semina
296 3024 356 3083 vidi
371 3024 509 3100 equidem
526 3026 634 3084 multos
649 3023 797 3083 medicare
812 3036 944 3086 serentes

164 3118 203 3175 Et
216 3116 294 3175 nitro
308 3117 388 3194 prius
403 3128 432 3178 et
446 3118 530 3195 nigra
544 3119 719 3194 perfundere
735 3136 862 3192 amurca,

163 3209 313 3268 Grandior
327 3222 358 3270 ut
372 3212 448 3271 fetus
463 3212 576 3288 siliquis
591 3210 744 3270 fallacibus
759 3222 845 3284 esset,

164 3303 210 3374 Et,
227 3304 361 3377 quamvis
375 3303 434 3381 igni
450 3305 564 3382 exiguo,
580 3315 737 3382 properata
750 3306 911 3364 maderent.

162 3393 233 3453 Vidi
249 3395 327 3454 lecta
341 3395 391 3455 diu
406 3406 435 3456 et
449 3399 543 3456 multo
558 3410 691 3474 spectata
705 3399 807 3457 labore

164 3487 351 3562 Degenerare
367 3500 474 3561 tamen,
490 3489 521 3547 ni
536 3490 580 3550 vis
595 3492 725 3550 humana
739 3502 813 3567 quot
827 3491 913 3551 annis

163 3578 298 3638 Maxima
312 3599 448 3656 quaeque
462 3601 550 3641 manu
565 3584 681 3659 legeret
725 3585 773 3643 Sic
788 3584 891 3643 omnia
903 3583 970 3644 fatis

163 3673 201 3730 In
216 3673 302 3747 pejus
315 3691 407 3747 mere,
424 3693 458 3733 ac
472 3687 549 3734 retro
564 3678 703 3752 sublapsa
716 3677 813 3735 referri
825 3700 834 3751 ;
1104 3709 1144 3738 ιω

164 3766 235 3824 Non
251 3764 342 3838 aliter,
359 3786 447 3842 quam
463 3767 513 3844 qui
528 3769 652 3827 adverso
666 3769 715 3827 vix
730 3769 851 3829 flumine
866 3771 996 3831 lembum

164 3856 308 3934 Remigiis
324 3858 439 3935 subigit,
456 3859 481 3919 si
495 3860 617 3919 brachia
631 3861 704 3920 forte
719 3862 840 3935 remisit,

163 3951 265 4026 Atque
278 3949 360 4009 illum
374 3950 404 4009 in
419 3971 562 4029 praeceps
576 3973 672 4029 prono
687 3955 762 4031 r'apit
777 3957 876 4015 alveus
892 3957 979 4017 amni.

205 4044 362 4103 Praeterea
375 4055 434 4103 tam
450 4056 518 4103 sunt
532 4046 649 4105 Arcturi
664 4046 761 4107 sidera
775 4049 862 4109 nobis

166 4136 400 4214 Haedorumque
415 4137 479 4198 dies
493 4141 630 4199 servandi
645 4151 675 4201 et
688 4141 804 4202 lucidus
818 4143 941 4222 Anguis,
1103 4174 1143 4214 ιο,
