2610 4926
406 702 616 747 urrmom’u.
637 703 697 747 ma
720 703 765 746 111.

102 857 213 927 Naxon,
228 851 271 912 ait
286 849 388 923 Liber,
402 868 505 909 cursus
518 847 662 909 advertite
675 860 809 910 vestros:

102 950 153 1008 llla
167 945 239 1005 mihi
254 944 363 1005 domos
377 952 443 1016 est3
462 942 547 1002 vobis
562 943 616 1002 erit
630 941 749 1018 hospita
762 942 857 1002 tellus

101 1043 154 1101 Per
166 1058 247 1099 mare
262 1038 384 1096 fallaces
398 1054 510 1112 perque
525 1033 625 1093 omnia
638 1035 761 1094 numina
772 1036 881 1111 jurant,

100 1135 145 1195 Sic
158 1133 229 1205 lore,
246 1149 355 1207 meque
367 1129 475 1207 jubent
488 1126 586 1205 pictae
600 1128 671 1187 dare
685 1129 752 1188 vela
766 1128 891 1188 carinae

101 1229 227 1287 Dextera
241 1226 347 1283 Naxos
362 1232 442 1281 erat:
463 1221 568 1281 dextra
581 1219 653 1279 mihi
667 1220 759 1280 lintea
772 1219 864 1293 danti,
1036 1233 1076 1284 ἀφ

101 1320 178 1396 Quid
192 1317 276 1389 lacis,
292 1335 311 1375 o
325 1315 470 1375 demens?
511 1313 586 1389 Quis
600 1325 630 1373 te
645 1313 732 1386 furor,
748 1312 852 1389 inquit,
869 1314 993 1385 Acoete,

101 1415 156 1473 Pro
170 1430 202 1471 se
216 1409 352 1487 quisque,
368 1409 471 1468 tenet?
490 1406 605 1466 laevam
620 1410 707 1483 petel
749 1405 884 1465 Maxima
897 1414 971 1463 nutu

101 1508 169 1565 Pars
182 1502 257 1563 mihi
272 1501 426 1579 significat,
441 1519 517 1577 pars,
533 1499 605 1576 quid
621 1499 701 1572 velit,
717 1518 786 1558 aure
800 1508 937 1557 susurrat

101 1595 259 1674 Obstupui,
275 1592 443 1671 Capiatque
458 1593 565 1669 aliquis
578 1591 800 1652 moderamina!
822 1590 892 1663 dixi,

101 1693 212 1767 Meque
227 1687 390 1747 ministerio
404 1685 582 1762 scelerisque
597 1684 725 1761 artisque
738 1683 860 1745 removi.
1038 1698 1077 1748 ⁶⁴⁵

101 1787 246 1859 Increpor
260 1800 279 1840 a
293 1779 416 1852 cunctis,
432 1788 587 1855 totumque
601 1777 805 1855 immurmurat
819 1795 925 1854 agmen
937 1796 947 1850 ;

102 1879 127 1936 E
141 1876 249 1952 quibus
264 1872 436 1945 Aethalion,
451 1873 497 1931 Te
511 1871 624 1931 scilicet
638 1870 736 1931 omnis
750 1871 781 1929 in
795 1888 857 1929 uno

102 1971 212 2029 Nostra
225 1967 308 2027 salus
321 1965 419 2042 posita
432 1975 477 2024 est
490 1969 496 2023 l
517 1964 567 2038 ait,
582 1976 613 2024 et
627 1963 706 2023 subit
720 1963 784 2040 ipse
798 1980 957 2038 meumque

103 2062 209 2139 Explet
224 2078 309 2136 opus,
326 2060 473 2134 Naxoque
487 2056 561 2134 petit
575 2056 692 2117 diversa
705 2056 815 2116 relicta

102 2157 180 2214 Tum
195 2153 271 2214 deus
284 2151 421 2223 illudens,
436 2161 578 2226 tanquam
593 2150 685 2209 modo
699 2149 828 2225 denique
843 2147 977 2207 fraudem
1039 2161 1080 2210 oso

103 2246 240 2318 Senserit,
257 2265 273 2304 e
288 2243 381 2321 puppi
396 2254 520 2319 pontum
535 2254 705 2320 prospectat
719 2243 844 2315 adunca,

104 2343 142 2399 Et
155 2338 237 2399 flenti
253 2336 364 2409 similis,
382 2338 451 2395 Non
466 2337 539 2395 haec
555 2335 627 2394 mihi
642 2335 736 2409 litora,
752 2347 868 2408 nautae,

105 2430 291 2503 Promisistis,
307 2429 366 2501 ait;
386 2448 448 2487 non
461 2431 535 2488 haec
550 2428 622 2487 mihi
638 2441 712 2489 terra
726 2441 828 2506 rogata
841 2439 892 2488 est

106 2528 172 2601 Quo
188 2524 280 2583 merui
295 2541 425 2599 poenam
439 2523 538 2582 sacto?
580 2524 665 2596 Quae
679 2522 771 2599 gloria
785 2533 881 2581 vestra
895 2530 948 2593 est,

106 2620 134 2678 Si
148 2636 271 2696 puerum
284 2618 416 2692 juvenes,
432 2615 457 2674 si
471 2615 556 2674 multi
571 2615 669 2674 fallitis
684 2617 795 2674 unum?
1042 2625 1080 2674 ⁶⁵⁵

105 2711 285 2788 Jamdudum
300 2709 429 2781 flebam3
450 2707 585 2766 lacrimas
599 2727 704 2767 manus
720 2707 809 2784 impia
823 2718 937 2765 nostras
1120 2700 1127 2711 ’

108 2805 205 2876 Ridet,
222 2815 252 2862 et
267 2801 390 2878 impellit
406 2800 632 2877 properantibus
647 2820 775 2878 aequora
789 2800 885 2859 remis.

109 2900 162 2957 Per
176 2896 229 2956 tibi
245 2914 324 2954 nunc
340 2895 591 2970 ipsum-neque
606 2893 684 2953 enim
700 2892 883 2970 praesentior
897 2891 949 2951 illo

109 2993 159 3049 Est
173 2987 418 3063 deus-adjuro,
435 2998 494 3045 tam
510 3007 557 3046 me
572 2986 624 3046 tibi
639 3007 708 3046 vera
723 2988 838 3060 referre,

109 3085 203 3158 Quam
219 3080 280 3140 veri
295 3082 408 3156 majora
423 3081 498 3139 tide:
521 3080 601 3140 stetit
615 3099 744 3156 aequore
759 3078 867 3157 puppis
1044 3088 1083 3126 ⁶⁶0

109 3175 199 3234 Haud
215 3174 308 3247 aliter,
325 3192 414 3248 quam
430 3173 453 3231 si
468 3172 577 3231 siccum
594 3174 697 3233 navale
713 3184 833 3233 teneret

110 3268 155 3326 llli
171 3266 351 3327 admirantes
366 3284 511 3324 remorum
527 3265 555 3323 in
571 3267 692 3326 verbere
707 3275 847 3343 perstant,

109 3362 241 3436 Velaque
256 3359 417 3430 deducunt,
431 3358 611 3436 geminaque
626 3379 683 3435 ope
698 3378 812 3418 currere
829 3365 963 3416 tentant:

110 3453 280 3530 impediunt
295 3451 423 3509 hederae
437 3470 543 3524 remos,
559 3472 696 3528 nexuque
712 3469 835 3511 recurvo

110 3547 235 3623 Serpunt
248 3556 278 3603 et
292 3543 420 3621 gravidis
434 3544 612 3620 distringunt
626 3545 692 3603 vela
706 3542 861 3622 corymbis.

111 3641 187 3715 lpse,
202 3637 380 3697 racemiferis
394 3638 520 3696 frontem
535 3637 733 3697 circumdatus
748 3637 820 3709 uvis,

111 3731 279 3808 Pampineis
294 3729 385 3806 agitat
400 3729 526 3789 velatam
542 3729 696 3789 frondibus
710 3731 844 3801 hastam;

111 3826 206 3899 Quem
221 3824 300 3883 circa
315 3823 403 3899 tigres
417 3822 630 3898 simulacraque
646 3822 745 3880 inania
759 3823 878 3898 lyncum

112 3919 317 3991 Pictarumque
330 3918 433 3991 jacent
446 3916 507 3974 sera
520 3934 644 3991 corpora
658 3915 873 3992 pantherarum

111 4010 261 4070 Exsiluere
276 4008 351 4080 viri;
372 4008 433 4066 sive
448 4007 506 4066 hoc
521 4007 635 4066 insania
649 4008 727 4081 fecit,
1047 4020 1086 4069 ὀνο
1168 3990 1172 3997 .

109 4104 174 4163 Sive
189 4102 300 4175 timor;
320 4100 492 4177 primusque
507 4100 622 4161 Medon
637 4099 802 4178 nigrescere
815 4098 915 4178 pinnis
