2610 4926
482 697 667 744 GEORGIOEN
688 701 747 745 ΗΒ.
772 702 804 745 ll.

231 838 323 917 Sponte
333 860 382 903 sua
393 862 474 921 quae
488 862 522 904 se
536 846 645 906 tollunt
658 846 689 906 in
703 824 823 907 luminis
837 866 912 923 oras,

197 931 329 996 Inlecunda
341 936 469 1013 quidem,
485 939 540 997 sed
555 939 633 999 laeta
646 951 676 1000 et
691 940 777 1001 sortia
790 954 912 1019 surgunt
923 962 932 1016 ς

196 1025 288 1106 Quippe
298 1031 477 1090 solo‘natura
490 1032 601 1091 subest
644 1035 760 1094 Tamen
775 1035 849 1095 haec
864 1055 993 1114 quoque,
1009 1034 1035 1097 si
1049 1036 1116 1114 quis

195 1120 289 1195 luserat,
301 1136 348 1184 aut
361 1126 519 1184 scrobibus
533 1126 655 1185 mandet
669 1139 783 1186 mutata
796 1128 935 1202 subactis,
1112 1159 1138 1197 50
1223 1202 1228 1213 .

192 1211 303 1275 Eruerint
314 1215 476 1278 silvestrem
491 1217 632 1290 animum,
648 1221 788 1296 cultuque
803 1220 949 1297 frequenti

192 1306 412 1388 luqumumque
425 1329 519 1370 uoces
532 1324 610 1370 artes
623 1312 703 1371 haud
718 1313 802 1372 tarda
816 1325 984 1390 sequentur.

190 1397 301 1460 Necnon
314 1416 343 1463 et
357 1402 474 1475 sterilis,
491 1421 568 1479 quae
582 1403 721 1480 stirpibus
734 1405 795 1465 exit
808 1407 847 1465 ab
862 1406 938 1481 imis,

189 1491 241 1553 lloc
251 1494 339 1568 faciet,
354 1515 468 1555 vacuos
481 1495 506 1554 si
520 1495 558 1554 sit
572 1495 685 1573 digesta
701 1515 753 1573 per
766 1516 871 1574 agros;

187 1583 254 1646 ch
265 1588 339 1648 altae
351 1589 474 1648 mundes
488 1599 518 1647 et
532 1589 604 1647 rami
619 1589 719 1649 matris
733 1601 871 1666 opacant,
1032 1620 1036 1628 ·
1111 1620 1136 1658 ςς

185 1676 371 1758 Crescentique
384 1681 522 1741 adimunt
535 1681 619 1754 fe'tus,
634 1685 783 1759 uruntque
798 1683 951 1742 ferentem.
1171 1679 1174 1685 ’

181 1768 241 1844 Jam,
254 1792 326 1849 quae
340 1773 505 1834 seminibus
515 1774 603 1853 jactis
617 1794 648 1834 se
663 1775 780 1836 sustulit
795 1777 891 1848 arbos,

181 1863 261 1924 Taula
272 1865 359 1939 uenit,
375 1867 449 1926 seris
462 1868 575 1927 tactura
588 1868 747 1945 nepotibus
761 1870 905 1941 umbram,

180 1955 312 2036 Pomaque
324 1961 507 2036 degenerant
522 1979 611 2021 sucos
624 1961 718 2021 oblita
732 1962 854 2038 priores,

179 2049 313 2129 Etturpes
327 2053 432 2112 auibus
446 2053 587 2129 praedam
602 2056 656 2114 fert
670 2072 884 2114 uvaracemos.
1108 2071 1136 2112 oo

207 2144 317 2206 Scilicet
330 2145 470 2205 omnibus
485 2157 530 2205 est
544 2147 628 2206 labor
640 2147 867 2224 impendendus,
883 2156 914 2207 et
927 2163 1033 2208 omnes

153 2286 159 2299 .
176 2235 322 2313 Cogendae
336 2238 365 2297 in
380 2240 505 2310 sulcum,
522 2257 557 2298 ac
571 2240 665 2299 multa
678 2241 817 2300 mercede
832 2240 1009 2301 domandae.

176 2330 226 2390 Sed
239 2332 344 2391 mincis
357 2334 442 2391 oleae
458 2333 572 2405 melius,
587 2333 750 2410 propagine
764 2332 838 2393 vites

175 2423 363 2500 Respondent,
379 2425 478 2484 solido
493 2426 623 2504 Paphiae
638 2428 675 2485 de
690 2427 796 2486 robore
811 2437 942 2504 myrtus;

175 2515 273 2576 Plantis
286 2530 316 2577 et
329 2519 420 2578 durae
434 2519 526 2595 coryli
541 2530 709 2591 nascuntur,
725 2530 754 2578 et
769 2519 873 2596 ingens
1107 2538 1133 2588 ες

174 2608 310 2684 Fraxinus,
327 2613 554 2687 Herculeaeque
568 2612 655 2671 arbos
669 2614 809 2671 umbrosa
823 2631 959 2686 coronae,

174 2700 345 2781 Chaoniique
360 2705 451 2781 patris
464 2705 606 2781 glandes;
627 2705 716 2765 etiam
731 2705 822 2764 ardua
835 2707 935 2782 palma

174 2795 307 2869 Nascitur,
319 2809 349 2857 et
363 2817 449 2858 orsus
464 2797 547 2857 abies
561 2798 658 2857 uisura
672 2797 808 2857 marinos.

174 2887 301 2948 Inseritur
314 2909 385 2951 vero
399 2902 430 2949 et
444 2890 528 2949 nucis
542 2892 662 2950 arbutus
677 2891 793 2950 horrida
808 2892 876 2964 fetu,

174 2982 206 3040 tu
218 2983 325 3043 steriles
339 2984 452 3060 platani
467 2985 562 3042 malos
575 3003 694 3060 gessere
708 2985 838 3042 valentes
850 3006 859 3059 ;

173 3075 325 3136 Castaneae
340 3078 433 3153 sagus,
449 3095 598 3152 ornusque
613 3076 744 3136 incanuit
758 3077 828 3136 albo

172 3167 250 3228 flore
263 3169 325 3246 piri,
339 3171 540 3246 glandemque
556 3189 621 3229 sues
636 3171 745 3245 fregere
760 3171 815 3228 sub
832 3168 927 3228 ulmis.

206 3263 267 3320 Nec
281 3264 389 3322 modus
404 3262 531 3322 inserere
545 3274 633 3339 atque
647 3263 752 3321 oculos
767 3262 920 3338 imponere
936 3261 1071 3340 simplex.

171 3354 250 3425 uam,
266 3374 370 3431 quase
384 3355 485 3415 medio
500 3356 620 3415 trudunt
634 3356 671 3414 de
687 3354 797 3414 cortice
812 3374 947 3433 gemmae

171 3447 204 3506 Et
218 3458 318 3507 tenues
332 3458 473 3524 rumpunt
486 3448 609 3520 tunicas,
626 3460 767 3524 angustus
782 3448 811 3505 in
831 3448 897 3524 ipso
1111 3478 1136 3516 75

169 3540 212 3600 tit
225 3542 305 3600 nudo
319 3541 420 3599 sinus:
440 3542 500 3601 huc
514 3540 610 3600 aliena
623 3560 660 3599 ex
675 3542 778 3599 arbore
792 3561 913 3617 germen

167 3634 332 3707 includunt,
348 3635 471 3711 udoque
485 3634 594 3693 docent
609 3633 773 3692 inolescere
789 3633 871 3692 libro.

165 3729 222 3786 Aut
236 3746 347 3786 rursum
362 3729 476 3787 enodes
491 3726 584 3785 trunci
600 3737 776 3797 resecantur,
793 3737 822 3784 et
837 3727 895 3786 alte

164 3819 297 3879 Finditur
312 3819 341 3879 in
357 3820 487 3879 solidum
501 3818 604 3878 cuneis
619 3819 674 3891 via,
691 3818 800 3877 deinde
816 3819 926 3879 feraces

162 3913 284 3971 Plantae
300 3912 513 3970 immittuntur:
535 3930 591 3970 nec
606 3912 726 3988 longum
742 3922 868 3989 tempus,
884 3924 913 3972 et
927 3912 1032 3990 ingens
1112 3928 1137 3967 aa

161 4005 240 4065 Exiit
254 4005 293 4064 ad
308 4005 426 4064 coelum
441 4003 531 4064 ramis
545 4004 679 4064 felicibus
694 4006 790 4077 arbos,

160 4101 347 4176 Miraturque
362 4113 456 4156 nouas
470 4097 590 4157 frondes
603 4109 634 4156 et
647 4116 708 4156 non
722 4116 777 4157 sua
790 4117 887 4176 poma
