2610 4926
412 665 620 711 uuumonm.
643 666 701 710 ΠΒ.
725 666 765 710 1V.

109 811 232 887 Quoque
245 808 343 887 magis
357 809 472 885 tegitur,
488 819 584 871 tectus
598 810 693 889 magis
706 821 822 873 aestuat
834 811 920 890 iguis

108 904 203 963 Fissus
216 913 281 962 erat
295 901 379 961 tenui
393 902 475 975 rima,
490 920 580 979 quam
594 903 719 963 duxerat
731 904 813 977 olim,
1052 918 1077 969 a,

107 998 202 1071 Quum
217 997 309 1068 tieret,
324 994 424 1071 paries
437 995 540 1055 domui
553 996 720 1055 communis
733 995 869 1073 utrique:

106 1090 141 1148 Id
154 1090 257 1150 vitium
272 1088 348 1147 nulli
362 1106 416 1164 per
429 1089 547 1149 saecula
559 1088 650 1166 longa
664 1098 848 1148 notatum—

105 1182 184 1256 Quid
198 1202 260 1242 non
274 1181 367 1242 sentit
380 1183 533 1241 amori-
541 1179 627 1258 primi
641 1179 758 1241 vidistis
771 1193 915 1256 amantes,

105 1276 142 1334 Et
155 1276 236 1335 vocis
250 1275 362 1335 lecistis
377 1274 441 1346 iter,
457 1283 598 1350 tutaeque
606 1291 666 1353 'per
679 1273 753 1333 illud

104 1368 255 1428 Murmure
269 1367 434 1429 blanditiae
447 1365 573 1426 minimo
586 1365 709 1425 transire
723 1365 869 1427 solebant
1051 1394 1077 1432 φο

103 1461 205 1537 Saepe,
219 1472 254 1521 ut
266 1461 462 1520 constiterant
476 1457 546 1519 hinc
559 1457 682 1531 Thisbe,
698 1459 839 1535 Pyramus
853 1458 945 1533 illinc,

104 1553 199 1629 Inque
211 1554 293 1613 vices
306 1553 401 1613 fluerat
415 1562 550 1630 captatus
564 1551 712 1611 anhelitus
726 1551 795 1624 oris,

104 1646 216 1719 Invide,
232 1646 381 1718 dicebant,
396 1645 502 1722 paries,
519 1644 590 1721 quid
599 1643 773 1717 vamantibus
787 1644 910 1705 obstas?

103 1739 255 1812 Quantum
268 1750 339 1812 erat,
353 1749 387 1798 ut
400 1739 514 1799 sineres
529 1756 585 1797 nos
600 1746 665 1797 toto
679 1754 803 1813 corpore
821 1735 927 1815 jungi3

102 1835 162 1892 Aut
176 1834 234 1892 hoc
249 1832 273 1891 si
287 1832 421 1905 nimium,
435 1832 484 1892 vel
499 1832 539 1891 ad
553 1830 656 1893 oscula
670 1829 768 1890 danda
780 1833 917 1906 pateresl
1049 1858 1075 1897 n

103 1927 166 1985 Nec
181 1944 284 1984 sumus
298 1924 422 2002 ingrati:
441 1924 497 1984 tibi
511 1943 567 1985 nos
582 1923 694 1984 debere
708 1921 841 1995 latemur,

102 2018 191 2091 Quod
206 2018 294 2078 datus
308 2028 355 2077 est
369 2016 466 2079 verbis
481 2018 521 2077 ad
535 2017 647 2077 amicas
663 2014 803 2075 nansitiu
817 2032 911 2075 aures.

100 2111 185 2170 Talia
198 2111 317 2170 diversa
331 2110 530 2187 nequicquam
542 2110 616 2171 sede
631 2107 732 2181 locuti,

102 2203 162 2263 Sub
177 2214 298 2263 noctem
311 2203 412 2263 dixere
425 2204 500 2277 vale,
514 2203 650 2280 partique
665 2202 776 2263 dedere

102 2297 212 2356 Oscula
226 2296 352 2372 quisque
366 2315 447 2368 suae,
462 2315 524 2356 non
537 2296 743 2373 pervenientia
756 2306 867 2357 contra.
1050 2313 1076 2353 ao

101 2389 223 2447 Postera
238 2399 398 2449 nocturnos
412 2390 527 2447 Aurora
542 2399 706 2448 removerat
721 2388 815 2466 ignes,

102 2482 212 2557 Solque
227 2482 383 2558 pruinosas
397 2481 487 2541 radiis
503 2481 664 2541 siccaverat
678 2482 806 2556 herbas;

102 2574 149 2632 Ad
164 2574 285 2633 solitum
299 2574 398 2633 coiere
412 2575 520 2634 locum.
561 2575 640 2633 Tum
655 2593 803 2633 murmure
818 2593 912 2650 parvo

102 2668 198 2725 Multa
212 2667 292 2743 prius
308 2665 413 2742 questi,
429 2676 571 2739 statuunt,
587 2678 619 2726 ut
634 2677 722 2727 nocte
736 2667 835 2727 silenti

102 2760 214 2818 Fallere
229 2760 371 2819 custodes
384 2759 555 2835 foribusque
570 2760 713 2820 excedere
728 2771 853 2833 tentent,
1051 2778 1075 2829 a,

102 2852 260 2928 Quumque
276 2852 367 2911 domo
381 2852 514 2925 exierint,
525 2853 607 2912 urbis
622 2872 741 2930 quoque
752 2855 879 2915 claustra
888 2853 1076 2931 relinquant;

103 2945 184 3003 Neve
200 2945 238 3003 sit
253 2945 413 3004 errandum
427 2945 487 3005 lato
502 2944 700 3022 spatiantibus
715 2966 794 3018 arvo,

103 3037 290 3096 Conveniant
304 3038 343 3096 ad
359 3037 446 3097 busta
460 3038 541 3110 Nini,
558 3039 727 3114 lateantque
742 3040 798 3098 sub
812 3041 917 3100 umbra

101 3131 223 3189 Arboris
238 3153 244 3189 :
265 3131 352 3190 arbor
367 3129 416 3203 ibi,
433 3130 527 3190 niveis
541 3131 688 3190 uberrima
702 3133 808 3207 pomis,

103 3223 204 3281 Ardua
218 3242 319 3282 morus
334 3234 404 3294 erat,
420 3223 520 3300 gelido
535 3223 719 3283 contermina
733 3224 815 3285 fonti.

103 3316 192 3374 Pacta
206 3316 334 3392 placent,
350 3325 381 3374 et
395 3316 453 3388 lux,
468 3316 550 3375 tarde
565 3315 719 3376 discedere
733 3317 806 3390 visa,

102 3408 315 3484 Praecipitatur
328 3408 421 3485 aquis,
437 3420 467 3468 et
480 3409 566 3484 aquis
580 3428 640 3469 nox
653 3410 745 3488 surgit
758 3411 798 3471 ab
812 3410 916 3472 isdem.

104 3501 220 3559 Callida
234 3520 289 3577 per
303 3501 441 3561 tenebras
456 3512 573 3561 versato
587 3503 708 3561 cardine
722 3504 836 3565 Thisbe

103 3593 259 3671 Egreditur
273 3593 407 3669 fallitque
421 3612 499 3668 suos,
515 3594 717 3670 adopertaque
732 3598 846 3667 vultum

102 3687 239 3746 Pervenit
252 3687 292 3746 ad
306 3688 461 3760 tumulum,
477 3686 616 3762 dictaque
630 3688 685 3746 sub
700 3689 802 3749 arbore
816 3691 902 3751 sedit.
1050 3722 1075 3759 95

102 3783 256 3841 Audacem
270 3781 400 3843 faciebat
413 3800 505 3842 amor.
545 3781 638 3840 Venit
653 3800 722 3842 ecce
737 3784 849 3843 recenti

102 3876 202 3935 Caede
217 3876 323 3934 leaena
336 3874 428 3933 boum
443 3885 617 3950 spumantes
631 3874 722 3935 oblita
736 3875 835 3950 rictus,

101 3967 283 4045 Depositura
297 3967 379 4027 sitim
392 3966 482 4026 vicini
496 3966 585 4026 sontis
600 3967 630 4025 in
645 3968 732 4027 unda

101 4062 198 4137 Quam
213 4062 318 4139 procul
332 4060 372 4121 ad
386 4060 475 4121 lunae
488 4060 588 4121 radios
603 4060 767 4139 Babylonia
781 4061 894 4123 Thisbe

1052 4394 1236 4576 Γ
