2610 4926
419 764 629 811 ΠΕΤΑΙΟΚΡΠ.
651 765 710 809 mn.
733 766 754 809 1.

101 914 267 989 Coeperat3
287 909 388 971 irridet
401 910 500 987 primo
512 910 563 987 pia
574 920 647 971 vota
660 912 792 988 Lycaon,

101 1006 177 1064 Mox
189 1003 239 1076 ait,
255 1002 407 1080 Experiar,
422 1003 497 1063 deus
510 1003 569 1075 hic,
583 1002 754 1063 discrimine
768 1011 882 1079 aperto,

102 1100 149 1156 An
163 1097 200 1156 sit
213 1095 427 1168 mortalis-nec
440 1095 495 1154 erit
508 1095 673 1155 dubitabile
686 1114 797 1155 verum.

103 1191 199 1249 Nocte
210 1207 332 1266 gravem
346 1206 453 1247 somno
467 1206 524 1248 nec
538 1187 630 1264 opina
643 1188 766 1264 perdere
780 1198 876 1249 morte

104 1284 155 1342 ble
168 1293 270 1359 parat:
290 1282 366 1341 haec
380 1280 421 1339 illi
435 1281 535 1356 placet
548 1280 730 1357 experientia
743 1279 812 1340 veri.

104 1376 167 1434 Nec
180 1386 339 1434 contentus
352 1392 399 1445 eo,
414 1372 496 1433 missi
511 1373 651 1450 degente
667 1374 803 1433 Molossa

103 1466 222 1528 Obsidis
236 1467 323 1527 unius
334 1466 469 1543 jugulum
483 1484 628 1526 mucrone
638 1465 767 1539 resolvit,

103 1562 200 1636 Atque
214 1559 257 1619 ita
270 1560 434 1620 semineces
447 1558 555 1636 partim
568 1557 749 1619 ferventibus
764 1569 844 1619 artus

103 1652 201 1712 blollit
214 1653 300 1729 aquis
314 1652 421 1729 partim
434 1654 572 1729 subjecto
585 1651 688 1712 torruit
702 1650 771 1728 igni.

103 1746 185 1820 Quos
199 1744 286 1805 simul
300 1744 440 1822 imposuit
453 1744 573 1817 mensis,
589 1762 645 1821 ego
659 1743 777 1804 vindice
791 1744 914 1804 flamma
1038 1767 1077 1806 ²³⁰

105 1840 139 1897 ln
153 1838 309 1899 dominum
322 1838 488 1916 dignosque
502 1837 593 1898 everti
608 1847 687 1897 tecta
701 1839 836 1897 Penates

77 1970 80 1981 ·
103 1931 233 1991 Territus
247 1931 310 2007 ipse
325 1931 406 2008 fugit,
420 1942 585 2008 nactusque
599 1929 717 1990 silentia
729 1928 804 1988 ruris

106 2024 243 2083 Exululat
256 2025 419 2100 frustraque
432 2023 515 2100 loqui
530 2036 671 2084 conatur:
692 2023 732 2081 ab
745 2021 812 2098 ipso

103 2117 222 2194 Colligit
237 2135 271 2176 os
285 2117 406 2189 rabiem,
421 2116 584 2195 solitaeque
599 2115 740 2192 cupidine
753 2112 855 2174 caedis

76 2262 80 2269 .
103 2209 233 2269 Vertitur
246 2209 276 2268 in
291 2210 441 2286 pecudes;
461 2222 491 2270 et
504 2228 585 2270 nunc
599 2228 720 2286 quoque
734 2207 877 2285 sanguiue
889 2204 1008 2285 gaudet„
1037 2230 1077 2271 ¹³5

104 2304 140 2360 ln
153 2301 240 2361 m'llos
254 2303 365 2362 abeunt
380 2315 484 2375 vestes,
500 2302 531 2361 in
545 2322 631 2362 crura
645 2301 744 2362 lacerti
756 2323 764 2374 ;

104 2395 150 2454 Fit
164 2396 260 2472 lupus,
276 2408 306 2454 et
319 2395 425 2455 veteris
440 2407 536 2456 servat
550 2396 672 2472 vestigia
686 2397 815 2454 formae:

103 2488 235 2548 Canities
249 2489 355 2547 eadem
370 2500 423 2560 est,
438 2490 543 2548 eadem
559 2488 699 2548 violentia
712 2489 819 2560 vultus,

104 2582 188 2640 Idem
204 2581 282 2640 oculi
297 2581 405 2653 lucent,
421 2582 527 2640 eadem
541 2580 662 2640 feritatis
677 2581 783 2656 imago.

103 2674 221 2734 Occidit
235 2693 295 2733 una
309 2675 435 2748 domus;
456 2675 509 2734 sed
524 2692 585 2732 non
598 2675 707 2733 domus
721 2692 780 2732 una
794 2669 888 2749 perire
1038 2702 1077 2739 ψ

105 2767 201 2843 Digna
216 2767 287 2826 fuit:
302 2786 361 2842 qua
375 2779 450 2826 terra
463 2778 554 2843 patet,
570 2768 630 2826 fera
644 2778 747 2842 regnat
764 2766 908 2843 Erinnys;

104 2861 139 2918 ln
152 2859 265 2919 facinus
278 2862 391 2935 jurasse
405 2871 499 2936 putes
544 2861 625 2918 Dent
640 2860 722 2918 ocius
738 2878 850 2930 omnes,

104 2954 185 3027 Quas
199 2972 331 3012 meruere
346 2951 407 3028 pati
416 2985 456 2994 —
465 2951 507 3011 sic
522 2963 579 3011 stat
594 2950 790 3011 sententia-
799 2969 920 3028 poenas.

105 3046 192 3104 Dicta
206 3045 289 3121 Jom's
305 3064 371 3121 pars
381 3063 456 3104 voce
469 3045 598 3120 probant
612 3046 806 3120 stimulosque
821 3042 956 3104 frementi

104 3138 276 3213 Adjiciunt;
296 3136 346 3196 alii
360 3147 458 3213 partes
472 3136 641 3197 assensibus
655 3137 787 3214 implent

105 3232 157 3288 Est
171 3243 272 3290 tamen
286 3230 407 3289 humani
421 3230 536 3306 generis
548 3232 662 3306 jactura
676 3229 771 3291 dolori

103 3322 259 3394 Omnibus,
276 3334 314 3394 et,
331 3342 407 3399 quae
421 3322 459 3382 sit
473 3334 566 3382 terrae
581 3323 754 3383 mortalibus
769 3324 859 3382 orbae
881 3326 895 3351 ⁸

103 3417 211 3475 forma
225 3417 329 3487 futura,
344 3428 469 3493 rogant3
482 3416 548 3491 quis
560 3416 597 3475 sit
612 3418 721 3475 laturus
737 3415 766 3473 in
781 3434 846 3474 aras

101 3510 200 3567 Tura?
220 3509 327 3569 ferisne
341 3519 425 3584 paret
439 3510 626 3584 populandas
640 3510 755 3568 tradere
771 3511 882 3569 terras?

102 3601 186 3660 Talia
199 3601 490 3678 quaerentes-sibi
504 3601 584 3661 enim
598 3601 661 3661 fore
675 3612 774 3662 cetera
788 3621 875 3662 curae
884 3636 897 3646 -

104 3695 169 3753 Rex
184 3712 322 3771 superum
337 3693 483 3768 trepidare
496 3705 585 3766 vetat,
601 3695 796 3770 sobolemque
809 3694 900 3771 priori
949 3718 952 3723 ·

103 3786 282 3846 Dissimilem
299 3789 411 3863 populo
425 3786 568 3864 promittit
582 3786 696 3863 origine
711 3787 791 3846 mira

100 3881 227 3956 Jamque
241 3892 304 3940 erat
319 3880 349 3938 in
364 3893 442 3940 totas
456 3899 606 3956 sparsurus
621 3879 745 3939 fulmina
758 3890 869 3954 terras3

101 3974 160 4033 Sed
174 3973 279 4046 timuit,
294 3992 333 4032 ne
348 3973 423 4033 forte
437 3992 519 4033 sacer
533 3983 577 4032 tot
591 3974 630 4032 ab
644 3972 761 4048 ignibus
775 3974 877 4033 aether

102 4067 282 4143 Conciperet
296 4065 439 4140 flammas,
454 4067 619 4142 longusque
633 4066 799 4127 ardesceret
812 4067 885 4126 axis.

103 4162 175 4221 Esse
189 4177 312 4237 quoque
325 4158 357 4219 in
369 4158 438 4219 fatis
450 4157 653 4233 reminiscitur,
668 4160 759 4221 affore
772 4171 899 4236 tempus,
