2610 4926
396 652 605 703 ammom
629 658 687 702 ΗΒ.
709 656 750 701 Vl.

91 818 197 896 Vixque
210 826 312 877 movet
327 827 415 876 natas
429 834 483 892 per
497 814 603 876 inertia
615 814 737 875 brachia
750 833 883 892 penuas;

90 913 240 988 Foedaque
255 911 289 970 fit
302 908 442 983 volucris,
457 910 574 970 uenturi
588 908 692 969 nuntia
706 910 809 983 luctus,

88 1007 208 1082 Ignarus
221 1005 315 1077 bubo,
330 1001 429 1062 dinrm
443 1003 616 1062 mortalibus
631 1021 727 1062 omen.
1023 1027 1062 1068 350

122 1099 182 1158 Hic
195 1109 297 1157 tamen
311 1094 425 1155 indicio
438 1114 568 1172 poenam
583 1094 741 1172 linguaque
755 1093 848 1154 videri
862 1134 870 1151 .

86 1189 301 1253 Commeruisse
315 1200 435 1266 potest3
454 1187 549 1261 vobis,
565 1187 754 1261 Acheloides,
769 1188 850 1247 unde

85 1286 185 1344 Pluma
197 1283 353 1361 pedesque
368 1280 474 1353 avium,
491 1299 584 1357 quum
597 1280 717 1358 virginis
731 1300 784 1340 ora
796 1279 924 1357 geratis?

83 1380 128 1437 An
142 1377 220 1454 quia,
236 1395 330 1452 quum
346 1376 457 1453 legeret
470 1392 578 1436 vernos
593 1373 771 1450 Proserpina
785 1374 881 1448 flores,

84 1472 119 1529 In
132 1468 277 1530 comitum
291 1486 416 1528 numero
430 1467 547 1541 mixtae,
563 1467 688 1539 Sirenes,
704 1466 812 1528 eratis?
985 1477 988 1481 '
1022 1496 1060 1537 353
1147 1519 1151 1525 .

83 1564 177 1638 Quam
192 1574 356 1640 postquam
370 1572 434 1621 toto
448 1561 553 1620 frustra
569 1559 724 1637 quaesistis
738 1559 769 1619 in
783 1561 863 1635 orbe,

83 1656 229 1728 Protinus,
245 1666 280 1715 ut
293 1663 421 1714 uestram
436 1654 578 1714 sentirent
592 1672 723 1730 aequora
736 1673 845 1728 curam,

82 1751 173 1809 Posse
188 1767 279 1825 super
292 1746 399 1807 fluctus
412 1748 524 1806 alanum
538 1746 671 1807 insistere
686 1747 774 1807 remis
822 1791 823 1794 ,

83 1841 224 1919 Optastis,
240 1839 402 1916 facilesque
416 1839 490 1898 deos
504 1839 657 1912 habuistis,
673 1851 704 1900 et
718 1852 796 1900 artus

82 1934 205 1995 Vidistis
219 1944 334 1993 vestros
349 1931 452 1992 subitis
467 1933 624 1993 flavescere
640 1935 754 2010 pennis.
1022 1950 1061 2002 rso

83 2029 127 2087 Ne
141 2040 243 2087 tamen
259 2026 309 2085 ille
324 2045 423 2099 canor,
438 2026 612 2086 mulcendas
627 2038 714 2086 natus
729 2027 767 2087 ad
782 2046 876 2102 aures,

84 2123 238 2197 Tantaque
253 2120 311 2179 dos
325 2118 384 2178 oris
398 2118 514 2197 linguae
529 2120 705 2197 deperderet
719 2140 814 2195 usum,

82 2213 213 2292 Virginei
228 2213 327 2272 vultus
342 2224 372 2272 et
386 2230 444 2299 vox
457 2213 587 2272 humana
601 2214 748 2274 remansit

121 2309 162 2366 At
178 2305 294 2365 medius
309 2304 462 2381 fratrisque
477 2304 521 2364 sui
536 2318 726 2385 maestaeque
741 2308 848 2368 sororis

83 2401 196 2476 Jupiter
210 2419 248 2459 ex
262 2417 360 2474 aequo
374 2399 543 2458 volventem
558 2399 662 2459 dividit
676 2420 795 2460 annum.
1022 2418 1059 2468 sss

86 2495 171 2552 Nunc
186 2493 252 2563 dea,
268 2511 426 2568 regnorum
441 2511 551 2551 numen
566 2511 725 2554 commune
740 2495 874 2569 duorum,

85 2588 160 2646 Cum
176 2597 268 2645 matre
283 2596 330 2644 est
345 2585 477 2657 totidem,
494 2585 618 2645 totidem
633 2606 701 2646 cum
715 2590 843 2665 conjuge
857 2607 985 2649 menses.

84 2679 211 2738 Vertitur
225 2679 376 2755 extemplo
390 2677 480 2737 iacies
495 2690 524 2738 et
538 2680 647 2739 mentis
662 2691 691 2740 et
706 2682 784 2741 oris:

85 2773 170 2845 Nam,
186 2773 277 2831 modo
292 2790 369 2847 quae
385 2782 500 2847 poterat
515 2772 578 2831 Diti
594 2793 713 2849 quoque
729 2787 842 2835 maesta
856 2774 958 2850 videri,

86 2866 176 2924 Laeta
189 2866 264 2924 deae
278 2865 360 2923 frons
375 2875 439 2923 est:
460 2876 492 2923 ut
506 2866 565 2938 Sol,
581 2866 631 2941 qui
648 2878 742 2927 tectus
758 2867 878 2944 aquosis
1023 2896 1062 2935 πο

86 2958 221 3018 Nubibus
236 2970 304 3018 ante
319 2956 382 3029 suit,
398 2956 482 3016 victis
497 2958 548 3018 ubi
563 2960 692 3021 nubibus
708 2960 775 3021 exit.

182 3064 200 3100 a
340 3060 360 3102 u
499 3061 519 3099 a
659 3062 680 3100 o
820 3059 840 3101 u

400 3568 404 3578 Ι
451 3446 601 3553 uisura
628 3495 693 3554 vu

181 3730 198 3767 Ι
340 3727 361 3765 4
501 3726 520 3764 ᾖ
660 3726 679 3765 ἢ
820 3727 839 3766 ἢ

83 3811 183 3870 Lrom
197 3822 260 3871 tota
274 3809 383 3881 fremit,
400 3807 602 3886 Phrygiaeque
617 3828 670 3886 per
684 3809 795 3887 oppida
810 3808 879 3870 sacti

82 3906 196 3965 Rumor
209 3905 232 3964 it
248 3916 278 3964 et
293 3894 634 3979 magnum'sermonibus
649 3915 777 3979 occupat
792 3905 902 3963 orbem

81 4000 159 4058 Ante
173 4017 244 4058 suos
261 3995 364 4057 Niobe
380 3995 525 4055 thalamos
540 3999 719 4071 cognoverat
734 3995 823 4069 illam,

71 4075 164 4152 ¹‘lunc
178 4108 274 4169 quum
291 4086 466 4146 Maeoniam
480 4086 563 4165 virgo
577 4087 769 4164 Sipylumque
784 4089 922 4164 colebat3
