<?xml version="1.0" encoding="UTF-8"?>
<!DOCTYPE html PUBLIC "-//W3C//DTD XHTML 1.0 Transitional//EN"
    "http://www.w3.org/TR/xhtml1/DTD/xhtml1-transitional.dtd">
<html xmlns="http://www.w3.org/1999/xhtml" xml:lang="en" lang="en">
 <head>
  <title>
</title>
<meta http-equiv="Content-Type" content="text/html;charset=utf-8" />
  <meta name='ocr-system' content='tesseract 3.04.00' />
  <meta name='ocr-capabilities' content='ocr_page ocr_carea ocr_par ocr_line ocrx_word'/>
</head>
<body>
  <div class='ocr_page' id='page_1' title='image "ahandbooklatinp00marogoog_0080.png"; bbox 0 0 2610 4926; ppageno 0'>
   <div class='ocr_carea' id='block_1_1' title="bbox 252 1026 1061 1170">
    <p class='ocr_par' dir='ltr' id='par_1_1' title="bbox 252 1026 1061 1170">
     <span class='ocr_line' id='line_1_1' title="bbox 252 1026 1061 1170; baseline 0.002 -4"><span class='ocrx_word' id='word_1_1' title='bbox 252 1069 666 1170; x_wconf 85' lang='lat' dir='ltr'>P.V1RG1L11</span> <span class='ocrx_word' id='word_1_2' title='bbox 706 1026 1061 1168; x_wconf 73' lang='lat' dir='ltr'>nunonis</span> 
     </span>
    </p>
   </div>
   <div class='ocr_carea' id='block_1_2' title="bbox 411 1346 867 1415">
    <p class='ocr_par' dir='ltr' id='par_1_2' title="bbox 411 1346 867 1415">
     <span class='ocr_line' id='line_1_2' title="bbox 411 1346 867 1415; baseline 0 -3"><span class='ocrx_word' id='word_1_3' title='bbox 411 1346 690 1415; x_wconf 92' lang='lat' dir='ltr'><strong>BUCOLICON</strong></span> <span class='ocrx_word' id='word_1_4' title='bbox 715 1347 867 1413; x_wconf 75' lang='lat' dir='ltr'>LIBER</span> 
     </span>
    </p>
   </div>
   <div class='ocr_carea' id='block_1_3' title="bbox 597 1552 698 1588">
    <p class='ocr_par' dir='ltr' id='par_1_3' title="bbox 597 1552 698 1588">
     <span class='ocr_line' id='line_1_3' title="bbox 597 1552 698 1588; baseline 0 -11"><span class='ocrx_word' id='word_1_5' title='bbox 597 1552 698 1588; x_wconf 73' lang='lat'><em>..0-</em></span> 
     </span>
    </p>
   </div>
   <div class='ocr_carea' id='block_1_4' title="bbox 512 1706 785 1929">
    <p class='ocr_par' dir='ltr' id='par_1_4' title="bbox 512 1706 785 1929">
     <span class='ocr_line' id='line_1_4' title="bbox 512 1706 785 1769; baseline -0.004 -1"><span class='ocrx_word' id='word_1_6' title='bbox 512 1706 724 1769; x_wconf 85' lang='lat' dir='ltr'><strong>ECLOGA</strong></span> <span class='ocrx_word' id='word_1_7' title='bbox 751 1709 785 1767; x_wconf 93' lang='grc' dir='ltr'>Ι.</span> 
     </span>
     <span class='ocr_line' id='line_1_5' title="bbox 553 1873 739 1929; baseline 0.005 -3"><span class='ocrx_word' id='word_1_8' title='bbox 553 1873 739 1929; x_wconf 86' lang='lat' dir='ltr'>TITYRUS.</span> 
     </span>
    </p>
   </div>
   <div class='ocr_carea' id='block_1_5' title="bbox 461 2023 833 2070">
    <p class='ocr_par' dir='ltr' id='par_1_5' title="bbox 461 2023 833 2070">
     <span class='ocr_line' id='line_1_6' title="bbox 461 2023 833 2070; baseline -0.005 0"><span class='ocrx_word' id='word_1_9' title='bbox 461 2025 648 2070; x_wconf 69' lang='lat' dir='ltr'>tammus,</span> <span class='ocrx_word' id='word_1_10' title='bbox 690 2023 833 2068; x_wconf 81' lang='lat' dir='ltr'><strong>TITYRUS.</strong></span> 
     </span>
    </p>
   </div>
   <div class='ocr_carea' id='block_1_6' title="bbox 160 2161 1133 4231">
    <p class='ocr_par' dir='ltr' id='par_1_6' title="bbox 179 2161 1133 2676">
     <span class='ocr_line' id='line_1_7' title="bbox 562 2161 727 2200; baseline -0.012 0"><span class='ocrx_word' id='word_1_11' title='bbox 562 2161 727 2200; x_wconf 76' lang='lat' dir='ltr'>nruaoaus</span> 
     </span>
     <span class='ocr_line' id='line_1_8' title="bbox 182 2223 913 2306; baseline -0.003 -17"><span class='ocrx_word' id='word_1_12' title='bbox 182 2223 289 2301; x_wconf 68' lang='lat' dir='ltr'>TUM,</span> <span class='ocrx_word' id='word_1_13' title='bbox 302 2238 335 2288; x_wconf 90' lang='lat' dir='ltr'>tu</span> <span class='ocrx_word' id='word_1_14' title='bbox 348 2228 469 2306; x_wconf 85' lang='lat' dir='ltr'>patulae</span> <span class='ocrx_word' id='word_1_15' title='bbox 483 2229 628 2288; x_wconf 85' lang='lat' dir='ltr'>recubans</span> <span class='ocrx_word' id='word_1_16' title='bbox 642 2228 696 2287; x_wconf 90' lang='lat' dir='ltr'>sub</span> <span class='ocrx_word' id='word_1_17' title='bbox 712 2225 841 2304; x_wconf 85' lang='lat' dir='ltr'>tegmine</span> <span class='ocrx_word' id='word_1_18' title='bbox 854 2224 913 2306; x_wconf 85' lang='lat' dir='ltr'>fagi</span> 
     </span>
     <span class='ocr_line' id='line_1_9' title="bbox 182 2316 851 2396; baseline 0.012 -23"><span class='ocrx_word' id='word_1_19' title='bbox 182 2316 326 2381; x_wconf 82' lang='lat' dir='ltr'>silvestrem</span> <span class='ocrx_word' id='word_1_20' title='bbox 341 2322 423 2381; x_wconf 91' lang='lat' dir='ltr'>tenui</span> <span class='ocrx_word' id='word_1_21' title='bbox 439 2323 558 2380; x_wconf 88' lang='lat' dir='ltr'><strong>Musam</strong></span> <span class='ocrx_word' id='word_1_22' title='bbox 572 2320 723 2380; x_wconf 87' lang='lat' dir='ltr'>meditaris</span> <span class='ocrx_word' id='word_1_23' title='bbox 738 2339 851 2396; x_wconf 80' lang='lat' dir='ltr'>avena3</span> 
     </span>
     <span class='ocr_line' id='line_1_10' title="bbox 181 2409 869 2489; baseline 0.006 -20"><span class='ocrx_word' id='word_1_24' title='bbox 181 2409 231 2469; x_wconf 89' lang='lat' dir='ltr'>Nos</span> <span class='ocrx_word' id='word_1_25' title='bbox 243 2414 348 2489; x_wconf 84' lang='lat' dir='ltr'>patriae</span> <span class='ocrx_word' id='word_1_26' title='bbox 362 2415 438 2474; x_wconf 88' lang='lat' dir='ltr'>fines</span> <span class='ocrx_word' id='word_1_27' title='bbox 453 2424 482 2474; x_wconf 91' lang='lat' dir='ltr'>et</span> <span class='ocrx_word' id='word_1_28' title='bbox 497 2413 595 2473; x_wconf 91' lang='lat' dir='ltr'>dulcia</span> <span class='ocrx_word' id='word_1_29' title='bbox 608 2413 767 2489; x_wconf 89' lang='lat' dir='ltr'>linquimus</span> <span class='ocrx_word' id='word_1_30' title='bbox 781 2433 869 2473; x_wconf 87' lang='lat' dir='ltr'>arva:</span> 
     </span>
     <span class='ocr_line' id='line_1_11' title="bbox 180 2500 984 2585; baseline 0.014 -27"><span class='ocrx_word' id='word_1_31' title='bbox 180 2500 230 2561; x_wconf 86' lang='lat' dir='ltr'>Nos</span> <span class='ocrx_word' id='word_1_32' title='bbox 242 2507 360 2585; x_wconf 85' lang='lat' dir='ltr'>patriam</span> <span class='ocrx_word' id='word_1_33' title='bbox 375 2507 520 2584; x_wconf 85' lang='lat' dir='ltr'>sugimus;</span> <span class='ocrx_word' id='word_1_34' title='bbox 540 2519 580 2580; x_wconf 92' lang='lat' dir='ltr'>tu,</span> <span class='ocrx_word' id='word_1_35' title='bbox 595 2506 705 2583; x_wconf 86' lang='lat' dir='ltr'>Tityre,</span> <span class='ocrx_word' id='word_1_36' title='bbox 722 2508 819 2566; x_wconf 88' lang='lat' dir='ltr'>lentus</span> <span class='ocrx_word' id='word_1_37' title='bbox 833 2506 865 2566; x_wconf 91' lang='lat' dir='ltr'>in</span> <span class='ocrx_word' id='word_1_38' title='bbox 880 2508 984 2569; x_wconf 89' lang='lat' dir='ltr'>umbra</span> 
     </span>
     <span class='ocr_line' id='line_1_12' title="bbox 179 2593 1133 2676; baseline 0.01 -25"><span class='ocrx_word' id='word_1_39' title='bbox 179 2593 330 2658; x_wconf 83' lang='lat' dir='ltr'>Formosam</span> <span class='ocrx_word' id='word_1_40' title='bbox 344 2618 481 2659; x_wconf 89' lang='lat' dir='ltr'>resonare</span> <span class='ocrx_word' id='word_1_41' title='bbox 496 2599 587 2660; x_wconf 90' lang='lat' dir='ltr'>doces</span> <span class='ocrx_word' id='word_1_42' title='bbox 602 2599 785 2676; x_wconf 83' lang='lat' dir='ltr'>Amaryllida</span> <span class='ocrx_word' id='word_1_43' title='bbox 799 2599 895 2661; x_wconf 88' lang='lat' dir='ltr'>silvas.</span> <span class='ocrx_word' id='word_1_44' title='bbox 1122 2632 1133 2671; x_wconf 74' lang='grc' dir='ltr'><strong>ς</strong></span> 
     </span>
    </p>

    <p class='ocr_par' dir='ltr' id='par_1_7' title="bbox 580 2719 705 2756">
     <span class='ocr_line' id='line_1_13' title="bbox 580 2719 705 2756; baseline 0 0"><span class='ocrx_word' id='word_1_45' title='bbox 580 2719 705 2756; x_wconf 79' lang='lat' dir='ltr'><strong>TITYRUS.</strong></span> 
     </span>
    </p>

    <p class='ocr_par' dir='ltr' id='par_1_8' title="bbox 168 2781 940 3234">
     <span class='ocr_line' id='line_1_14' title="bbox 175 2781 808 2858; baseline 0.005 -18"><span class='ocrx_word' id='word_1_46' title='bbox 175 2781 197 2840; x_wconf 94' lang='lat'>0</span> <span class='ocrx_word' id='word_1_47' title='bbox 210 2783 363 2858; x_wconf 88' lang='lat' dir='ltr'>Meliboee,</span> <span class='ocrx_word' id='word_1_48' title='bbox 379 2785 453 2844; x_wconf 89' lang='lat' dir='ltr'>deus</span> <span class='ocrx_word' id='word_1_49' title='bbox 468 2784 554 2844; x_wconf 88' lang='lat' dir='ltr'>nobis</span> <span class='ocrx_word' id='word_1_50' title='bbox 568 2786 643 2845; x_wconf 90' lang='lat' dir='ltr'>haec</span> <span class='ocrx_word' id='word_1_51' title='bbox 657 2784 718 2845; x_wconf 89' lang='lat' dir='ltr'>otia</span> <span class='ocrx_word' id='word_1_52' title='bbox 731 2784 808 2845; x_wconf 83' lang='lat' dir='ltr'>fecit.</span> 
     </span>
     <span class='ocr_line' id='line_1_15' title="bbox 173 2874 940 2955; baseline 0.01 -23"><span class='ocrx_word' id='word_1_53' title='bbox 173 2874 295 2954; x_wconf 86' lang='lat' dir='ltr'>Namque</span> <span class='ocrx_word' id='word_1_54' title='bbox 309 2878 364 2938; x_wconf 89' lang='lat' dir='ltr'>erit</span> <span class='ocrx_word' id='word_1_55' title='bbox 378 2878 427 2937; x_wconf 92' lang='lat' dir='ltr'>ille</span> <span class='ocrx_word' id='word_1_56' title='bbox 441 2877 512 2936; x_wconf 88' lang='lat' dir='ltr'>mihi</span> <span class='ocrx_word' id='word_1_57' title='bbox 527 2897 643 2955; x_wconf 88' lang='lat' dir='ltr'>semper</span> <span class='ocrx_word' id='word_1_58' title='bbox 657 2879 729 2936; x_wconf 91' lang='lat' dir='ltr'>deus</span> <span class='ocrx_word' id='word_1_59' title='bbox 740 2899 750 2952; x_wconf 86' lang='lat'>;</span> <span class='ocrx_word' id='word_1_60' title='bbox 769 2876 846 2937; x_wconf 89' lang='lat' dir='ltr'>illins</span> <span class='ocrx_word' id='word_1_61' title='bbox 860 2897 940 2940; x_wconf 87' lang='lat' dir='ltr'>aram</span> 
     </span>
     <span class='ocr_line' id='line_1_16' title="bbox 171 2969 904 3048; baseline 0.004 -20"><span class='ocrx_word' id='word_1_62' title='bbox 171 2969 251 3046; x_wconf 80' lang='lat' dir='ltr'>Saepe</span> <span class='ocrx_word' id='word_1_63' title='bbox 266 2983 349 3031; x_wconf 91' lang='lat' dir='ltr'>tener</span> <span class='ocrx_word' id='word_1_64' title='bbox 363 2971 470 3030; x_wconf 87' lang='lat' dir='ltr'>nostris</span> <span class='ocrx_word' id='word_1_65' title='bbox 485 2973 523 3031; x_wconf 90' lang='lat' dir='ltr'>ab</span> <span class='ocrx_word' id='word_1_66' title='bbox 537 2970 662 3031; x_wconf 91' lang='lat' dir='ltr'>ovilibus</span> <span class='ocrx_word' id='word_1_67' title='bbox 677 2970 789 3030; x_wconf 87' lang='lat' dir='ltr'>imbuet</span> <span class='ocrx_word' id='word_1_68' title='bbox 804 2990 904 3048; x_wconf 82' lang='lat' dir='ltr'>agnus</span> 
     </span>
     <span class='ocr_line' id='line_1_17' title="bbox 170 3062 857 3140; baseline 0.003 -20"><span class='ocrx_word' id='word_1_69' title='bbox 170 3062 216 3122; x_wconf 84' lang='lat' dir='ltr'>nte</span> <span class='ocrx_word' id='word_1_70' title='bbox 229 3084 308 3124; x_wconf 87' lang='lat' dir='ltr'>meas</span> <span class='ocrx_word' id='word_1_71' title='bbox 322 3083 418 3123; x_wconf 89' lang='lat' dir='ltr'>errare</span> <span class='ocrx_word' id='word_1_72' title='bbox 433 3066 533 3136; x_wconf 88' lang='lat' dir='ltr'>boves,</span> <span class='ocrx_word' id='word_1_73' title='bbox 549 3076 581 3123; x_wconf 90' lang='lat' dir='ltr'>nt</span> <span class='ocrx_word' id='word_1_74' title='bbox 596 3062 700 3136; x_wconf 86' lang='lat' dir='ltr'>cernis,</span> <span class='ocrx_word' id='word_1_75' title='bbox 716 3075 746 3122; x_wconf 90' lang='lat' dir='ltr'>et</span> <span class='ocrx_word' id='word_1_76' title='bbox 761 3063 857 3140; x_wconf 88' lang='lat' dir='ltr'>ipsum</span> 
     </span>
     <span class='ocr_line' id='line_1_18' title="bbox 168 3155 909 3234; baseline 0.003 -21"><span class='ocrx_word' id='word_1_77' title='bbox 168 3155 282 3230; x_wconf 87' lang='lat' dir='ltr'>Ludere,</span> <span class='ocrx_word' id='word_1_78' title='bbox 298 3177 375 3234; x_wconf 90' lang='lat' dir='ltr'>quae</span> <span class='ocrx_word' id='word_1_79' title='bbox 389 3158 504 3230; x_wconf 86' lang='lat' dir='ltr'>vellem,</span> <span class='ocrx_word' id='word_1_80' title='bbox 519 3158 634 3216; x_wconf 85' lang='lat' dir='ltr'>calamo</span> <span class='ocrx_word' id='word_1_81' title='bbox 647 3157 780 3233; x_wconf 85' lang='lat' dir='ltr'>permisit</span> <span class='ocrx_word' id='word_1_82' title='bbox 795 3155 909 3233; x_wconf 77' lang='lat' dir='ltr'>agresti</span> 
     </span>
    </p>

    <p class='ocr_par' dir='ltr' id='par_1_9' title="bbox 160 3277 1132 4165">
     <span class='ocr_line' id='line_1_19' title="bbox 560 3277 725 3314; baseline 0.006 -1"><span class='ocrx_word' id='word_1_83' title='bbox 560 3277 725 3314; x_wconf 76' lang='lat' dir='ltr'><strong>MELIBOEUS.</strong></span> 
     </span>
     <span class='ocr_line' id='line_1_20' title="bbox 166 3340 1006 3421; baseline 0.007 -23"><span class='ocrx_word' id='word_1_84' title='bbox 166 3340 230 3399; x_wconf 90' lang='lat' dir='ltr'>Non</span> <span class='ocrx_word' id='word_1_85' title='bbox 244 3343 382 3420; x_wconf 89' lang='lat' dir='ltr'>equidem</span> <span class='ocrx_word' id='word_1_86' title='bbox 397 3342 534 3417; x_wconf 80' lang='lat' dir='ltr'>invide03</span> <span class='ocrx_word' id='word_1_87' title='bbox 555 3342 644 3402; x_wconf 89' lang='lat' dir='ltr'>miror</span> <span class='ocrx_word' id='word_1_88' title='bbox 657 3343 769 3421; x_wconf 88' lang='lat' dir='ltr'>magis:</span> <span class='ocrx_word' id='word_1_89' title='bbox 789 3341 921 3419; x_wconf 85' lang='lat' dir='ltr'>undique</span> <span class='ocrx_word' id='word_1_90' title='bbox 936 3343 1006 3405; x_wconf 89' lang='lat' dir='ltr'>totis</span> 
     </span>
     <span class='ocr_line' id='line_1_21' title="bbox 166 3434 971 3513; baseline 0.002 -20"><span class='ocrx_word' id='word_1_91' title='bbox 166 3434 263 3512; x_wconf 87' lang='lat' dir='ltr'>Usque</span> <span class='ocrx_word' id='word_1_92' title='bbox 277 3437 354 3496; x_wconf 92' lang='lat' dir='ltr'>adeo</span> <span class='ocrx_word' id='word_1_93' title='bbox 368 3437 499 3495; x_wconf 88' lang='lat' dir='ltr'>turbatur</span> <span class='ocrx_word' id='word_1_94' title='bbox 513 3435 597 3512; x_wconf 84' lang='lat' dir='ltr'>agris.</span> <span class='ocrx_word' id='word_1_95' title='bbox 642 3437 696 3509; x_wconf 88' lang='lat' dir='ltr'>En,</span> <span class='ocrx_word' id='word_1_96' title='bbox 713 3436 776 3512; x_wconf 91' lang='lat' dir='ltr'>ipse</span> <span class='ocrx_word' id='word_1_97' title='bbox 791 3437 920 3513; x_wconf 87' lang='lat' dir='ltr'>capellas</span> <span class='ocrx_word' id='word_1_98' title='bbox 968 3464 971 3471; x_wconf 96' lang='lat'>·</span> 
     </span>
     <span class='ocr_line' id='line_1_22' title="bbox 165 3528 987 3607; baseline 0.004 -20"><span class='ocrx_word' id='word_1_99' title='bbox 165 3528 294 3588; x_wconf 85' lang='lat' dir='ltr'>Protinus</span> <span class='ocrx_word' id='word_1_100' title='bbox 308 3549 395 3607; x_wconf 84' lang='lat' dir='ltr'>aeger</span> <span class='ocrx_word' id='word_1_101' title='bbox 408 3548 485 3606; x_wconf 85' lang='lat' dir='ltr'>ago;</span> <span class='ocrx_word' id='word_1_102' title='bbox 505 3530 582 3588; x_wconf 88' lang='lat' dir='ltr'>hanc</span> <span class='ocrx_word' id='word_1_103' title='bbox 597 3528 686 3588; x_wconf 88' lang='lat' dir='ltr'>etiam</span> <span class='ocrx_word' id='word_1_104' title='bbox 701 3530 758 3602; x_wconf 86' lang='lat' dir='ltr'>vix,</span> <span class='ocrx_word' id='word_1_105' title='bbox 774 3530 883 3606; x_wconf 88' lang='lat' dir='ltr'>Tityre,</span> <span class='ocrx_word' id='word_1_106' title='bbox 900 3530 987 3590; x_wconf 90' lang='lat' dir='ltr'>duco.</span> 
     </span>
     <span class='ocr_line' id='line_1_23' title="bbox 164 3619 973 3698; baseline 0.005 -20"><span class='ocrx_word' id='word_1_107' title='bbox 164 3619 221 3680; x_wconf 86' lang='lat' dir='ltr'>Hic</span> <span class='ocrx_word' id='word_1_108' title='bbox 234 3623 309 3681; x_wconf 90' lang='lat' dir='ltr'>inter</span> <span class='ocrx_word' id='word_1_109' title='bbox 322 3623 430 3682; x_wconf 88' lang='lat' dir='ltr'>densas</span> <span class='ocrx_word' id='word_1_110' title='bbox 444 3623 560 3698; x_wconf 86' lang='lat' dir='ltr'>corylos</span> <span class='ocrx_word' id='word_1_111' title='bbox 574 3622 665 3681; x_wconf 93' lang='lat' dir='ltr'>modo</span> <span class='ocrx_word' id='word_1_112' title='bbox 680 3641 808 3698; x_wconf 90' lang='lat' dir='ltr'>namque</span> <span class='ocrx_word' id='word_1_113' title='bbox 822 3623 973 3698; x_wconf 86' lang='lat' dir='ltr'>gemellos,</span> 
     </span>
     <span class='ocr_line' id='line_1_24' title="bbox 163 3713 1132 3792; baseline 0.004 -21"><span class='ocrx_word' id='word_1_114' title='bbox 163 3713 246 3788; x_wconf 92' lang='lat' dir='ltr'>Spem</span> <span class='ocrx_word' id='word_1_115' title='bbox 258 3714 361 3792; x_wconf 82' lang='lat' dir='ltr'>gregis,</span> <span class='ocrx_word' id='word_1_116' title='bbox 377 3715 414 3774; x_wconf 87' lang='lat' dir='ltr'>ah</span> <span class='ocrx_word' id='word_1_117' title='bbox 426 3719 433 3773; x_wconf 89' lang='lat'>1</span> <span class='ocrx_word' id='word_1_118' title='bbox 455 3714 535 3773; x_wconf 89' lang='lat' dir='ltr'>silice</span> <span class='ocrx_word' id='word_1_119' title='bbox 551 3715 580 3772; x_wconf 93' lang='lat' dir='ltr'>in</span> <span class='ocrx_word' id='word_1_120' title='bbox 596 3716 676 3774; x_wconf 86' lang='lat' dir='ltr'>nuda</span> <span class='ocrx_word' id='word_1_121' title='bbox 690 3714 819 3775; x_wconf 86' lang='lat' dir='ltr'>connixa</span> <span class='ocrx_word' id='word_1_122' title='bbox 832 3715 956 3792; x_wconf 77' lang='lat' dir='ltr'>reliquit</span> <span class='ocrx_word' id='word_1_123' title='bbox 1109 3747 1132 3784; x_wconf 66' lang='grc' dir='ltr'>ις</span> 
     </span>
     <span class='ocr_line' id='line_1_25' title="bbox 162 3806 996 3884; baseline 0.006 -19"><span class='ocrx_word' id='word_1_124' title='bbox 162 3806 249 3884; x_wconf 86' lang='lat' dir='ltr'>Saepe</span> <span class='ocrx_word' id='word_1_125' title='bbox 264 3810 373 3867; x_wconf 88' lang='lat' dir='ltr'>malum</span> <span class='ocrx_word' id='word_1_126' title='bbox 388 3808 446 3866; x_wconf 88' lang='lat' dir='ltr'>hoc</span> <span class='ocrx_word' id='word_1_127' title='bbox 462 3807 556 3880; x_wconf 89' lang='lat' dir='ltr'>nobis,</span> <span class='ocrx_word' id='word_1_128' title='bbox 572 3807 596 3866; x_wconf 89' lang='lat' dir='ltr'>si</span> <span class='ocrx_word' id='word_1_129' title='bbox 611 3827 695 3867; x_wconf 93' lang='lat' dir='ltr'>mens</span> <span class='ocrx_word' id='word_1_130' title='bbox 710 3827 771 3866; x_wconf 90' lang='lat' dir='ltr'>non</span> <span class='ocrx_word' id='word_1_131' title='bbox 787 3808 871 3867; x_wconf 88' lang='lat' dir='ltr'>laeva</span> <span class='ocrx_word' id='word_1_132' title='bbox 885 3808 996 3883; x_wconf 90' lang='lat' dir='ltr'>suisset,</span> 
     </span>
     <span class='ocr_line' id='line_1_26' title="bbox 162 3899 877 3977; baseline 0.006 -21"><span class='ocrx_word' id='word_1_133' title='bbox 162 3899 205 3959; x_wconf 85' lang='lat' dir='ltr'>De</span> <span class='ocrx_word' id='word_1_134' title='bbox 218 3902 302 3960; x_wconf 92' lang='lat' dir='ltr'>coelo</span> <span class='ocrx_word' id='word_1_135' title='bbox 316 3911 411 3960; x_wconf 86' lang='lat' dir='ltr'>tactas</span> <span class='ocrx_word' id='word_1_136' title='bbox 425 3899 545 3960; x_wconf 90' lang='lat' dir='ltr'>memini</span> <span class='ocrx_word' id='word_1_137' title='bbox 560 3900 730 3977; x_wconf 87' lang='lat' dir='ltr'>praedicere</span> <span class='ocrx_word' id='word_1_138' title='bbox 745 3919 877 3976; x_wconf 83' lang='lat' dir='ltr'>quercus</span> 
     </span>
     <span class='ocr_line' id='line_1_27' title="bbox 161 3988 913 4073; baseline -0.001 -21"><span class='ocrx_word' id='word_1_139' title='bbox 161 3988 262 4070; x_wconf 87' lang='lat' dir='ltr'>[Saepe</span> <span class='ocrx_word' id='word_1_140' title='bbox 276 3994 394 4055; x_wconf 88' lang='lat' dir='ltr'>sinistra</span> <span class='ocrx_word' id='word_1_141' title='bbox 407 4012 481 4053; x_wconf 88' lang='lat' dir='ltr'>cava</span> <span class='ocrx_word' id='word_1_142' title='bbox 495 3993 639 4069; x_wconf 85' lang='lat' dir='ltr'>praedixit</span> <span class='ocrx_word' id='word_1_143' title='bbox 654 3995 691 4053; x_wconf 88' lang='lat' dir='ltr'>ab</span> <span class='ocrx_word' id='word_1_144' title='bbox 707 3993 773 4054; x_wconf 84' lang='lat' dir='ltr'>ilice</span> <span class='ocrx_word' id='word_1_145' title='bbox 787 3991 913 4073; x_wconf 89' lang='lat' dir='ltr'>comix.]</span> 
     </span>
     <span class='ocr_line' id='line_1_28' title="bbox 160 4085 921 4165; baseline -0.003 -19"><span class='ocrx_word' id='word_1_146' title='bbox 160 4086 216 4146; x_wconf 87' lang='lat' dir='ltr'>Sed</span> <span class='ocrx_word' id='word_1_147' title='bbox 229 4099 337 4161; x_wconf 87' lang='lat' dir='ltr'>tamen,</span> <span class='ocrx_word' id='word_1_148' title='bbox 353 4087 408 4148; x_wconf 89' lang='lat' dir='ltr'>iste</span> <span class='ocrx_word' id='word_1_149' title='bbox 424 4087 497 4147; x_wconf 91' lang='lat' dir='ltr'>deus</span> <span class='ocrx_word' id='word_1_150' title='bbox 511 4086 562 4164; x_wconf 90' lang='lat' dir='ltr'>qui</span> <span class='ocrx_word' id='word_1_151' title='bbox 576 4086 621 4160; x_wconf 90' lang='lat' dir='ltr'>sit,</span> <span class='ocrx_word' id='word_1_152' title='bbox 637 4086 685 4162; x_wconf 89' lang='lat' dir='ltr'>da,</span> <span class='ocrx_word' id='word_1_153' title='bbox 700 4087 809 4165; x_wconf 88' lang='lat' dir='ltr'>Tityre,</span> <span class='ocrx_word' id='word_1_154' title='bbox 825 4085 921 4147; x_wconf 87' lang='lat' dir='ltr'>nobis.</span> 
     </span>
    </p>

    <p class='ocr_par' dir='ltr' id='par_1_10' title="bbox 351 4190 365 4231">
     <span class='ocr_line' id='line_1_29' title="bbox 351 4190 365 4231; baseline 0 0"><span class='ocrx_word' id='word_1_155' title='bbox 351 4190 365 4231; x_wconf 83' lang='lat' dir='ltr'>s</span> 
     </span>
    </p>
   </div>
   <div class='ocr_carea' id='block_1_7' title="bbox 0 0 1310 4926">
    <p class='ocr_par' dir='ltr' id='par_1_11' title="bbox 0 0 1310 4926">
     <span class='ocr_line' id='line_1_30' title="bbox 0 0 1310 4926; baseline 0 13"><span class='ocrx_word' id='word_1_156' title='bbox 0 0 1310 4926; x_wconf 95' lang='lat' dir='ltr'> </span> 
     </span>
    </p>
   </div>
  </div>
 </body>
</html>
