2610 4926
504 668 688 714 omkctcorr
709 669 768 713 ult.
792 670 811 714 1.

207 811 255 870 Dee
266 823 350 874 mom
361 811 574 891 boompositos
588 825 618 876 et
631 813 765 875 carmina
778 813 866 876 dicat

235 907 319 982 Atque
331 907 396 966 haec
409 916 442 966 ut
455 905 548 967 certis
562 926 718 984 possemus
733 908 850 968 discere
863 910 967 988 signis,

203 999 348 1074 aestusque,
361 999 547 1076 pluviasque,
562 1010 593 1058 et
606 1011 729 1078 agentes
743 1000 853 1078 frigora
866 1013 982 1076 ventos,

203 1091 258 1165 lpse
271 1092 346 1151 Pater
357 1091 467 1166 statuit,
483 1091 558 1168 quid
572 1103 725 1152 menstrua
738 1094 825 1152 Luna
838 1104 974 1154 moneret
986 1116 997 1169 3

200 1182 254 1256 Quo
265 1183 339 1261 signo
351 1185 494 1246 caderent
506 1183 599 1244 austri
610 1205 619 1257 3
638 1185 711 1261 quid
725 1204 817 1263 saepe
831 1186 969 1247 videntes

198 1277 326 1354 Agricolae
338 1278 462 1356 propius
475 1277 603 1338 stabulis
617 1287 750 1338 armenta
764 1288 908 1338 tenerent.
1112 1306 1150 1346 ,ω

197 1370 329 1444 Continuo,
343 1372 440 1435 ventis
455 1371 655 1449 surgentibus,
670 1381 723 1431 aut
736 1371 811 1431 freta
825 1370 911 1449 ponti
986 1450 989 1457 Ι

195 1462 321 1540 Incipiunt
333 1466 442 1542 agitata
456 1475 623 1524 tumescere
637 1475 668 1524 et
681 1463 780 1523 aridus
794 1465 863 1524 altis
1003 1522 1012 1541 ‚

193 1555 325 1617 llontibus
338 1558 432 1619 audiri
446 1557 554 1635 fragor,
569 1568 619 1616 aut
632 1558 804 1616 resonantia
817 1557 906 1636 longe

190 1647 272 1708 litora
284 1651 399 1710 misceri
411 1662 444 1710 et
458 1669 615 1711 nemorum
628 1649 847 1710 increbrescere
862 1668 1000 1710 murmur.

187 1741 240 1815 Jam
252 1743 304 1802 sibi
317 1755 380 1802 tum
393 1762 412 1802 a
425 1745 524 1806 curvis
538 1745 616 1804 male
629 1755 776 1819 temperat
789 1744 871 1802 unda
884 1741 1002 1813 carinis,
1110 1757 1151 1812 ,ω

187 1834 269 1908 Quum
282 1836 381 1896 medio
394 1837 510 1897 celeres
524 1836 658 1896 revolant
672 1854 710 1895 ex
724 1853 854 1911 aequore
870 1833 964 1912 mergi

185 1927 396 2006 clamoremque
409 1929 509 1990 ferunt
522 1929 562 1988 ad
576 1928 670 2002 litora,
686 1946 838 2005 quumque
852 1927 985 1986 marinae

184 2020 213 2078 In
224 2021 300 2082 sicoe
312 2022 420 2081 ludunt
433 2022 551 2095 fulicae,
567 2034 713 2098 notasque
728 2020 856 2098 paludes

181 2113 286 2174 Deserit
299 2126 389 2192 atque
403 2116 494 2175 altam
508 2133 598 2192 supra
610 2115 691 2175 volat
704 2114 794 2193 ardea
808 2113 929 2173 nubem

182 2203 490 2281 Saepeetiamstellas,
505 2215 596 2265 vento
611 2205 812 2282 impendente,
827 2203 946 2265 videbis
1110 2214 1148 2267 ³⁶5

182 2296 346 2375 Praecipites
360 2299 447 2359 coelo
461 2297 530 2370 labi,
546 2299 702 2374 noctisque
717 2318 770 2375 per
784 2298 920 2357 umbram

181 2389 365 2450 flammarum
381 2392 487 2468 longos
501 2411 520 2450 a
533 2401 616 2469 tergo
631 2392 783 2451 albescere
798 2402 929 2465 tractus;

179 2483 262 2560 Saepe
275 2485 371 2543 leuem
386 2485 502 2561 paleam
514 2496 544 2544 et
558 2485 677 2544 frondes
692 2484 814 2544 volitare
828 2486 967 2558 cadueaS,

177 2578 230 2634 Aut
243 2597 356 2636 summa
370 2588 476 2636 nantes
491 2577 521 2636 in
536 2597 613 2654 aqua
627 2577 778 2637 colludere
792 2579 918 2655 plumas.

179 2671 213 2726 at
227 2671 333 2730 Boreae
347 2671 387 2730 de
402 2681 486 2746 parte
500 2670 588 2730 trucis
603 2690 695 2747 quum
707 2670 852 2741 fulminat,
868 2680 898 2729 et
913 2689 1006 2748 quum
1109 2697 1147 2754 aro

177 2763 296 2839 Fnrique
310 2764 495 2840 Zephyrique
510 2774 593 2822 tonat
607 2764 723 2836 domus,
740 2764 841 2822 omnia
856 2762 953 2840 plenis

178 2857 250 2915 Rura
264 2868 365 2916 natant
380 2857 478 2928 fossis,
494 2865 583 2932 atque
598 2856 696 2915 omnis
711 2856 810 2915 navita
824 2867 918 2931 ponto

177 2949 302 3009 Humida
316 2950 382 3009 vela
396 2950 476 3027 legit.
520 2951 691 3024 Numquam
706 2948 944 3024 imprudentibus
960 2947 1057 3007 imber

175 3042 289 3102 Obfuit:
309 3052 359 3101 aut
374 3042 457 3101 illum
471 3053 641 3120 surgentem
657 3042 784 3100 vallibus
799 3041 865 3101 imis
951 3062 955 3073 ·

174 3137 274 3195 Airiae
289 3136 389 3213 fugere
402 3153 500 3212 grues,
516 3146 566 3194 aut
580 3135 687 3194 bucula
701 3134 819 3193 coelum
1110 3156 1147 3194 ³⁷⁵

172 3228 338 3306 Suspiciens
353 3227 463 3304 patulis
476 3228 606 3302 captavit
621 3227 742 3286 naribus
757 3245 853 3299 auras,

171 3324 228 3381 Aut
241 3333 344 3399 arguta
358 3322 441 3380 lacus
455 3320 698 3378 circumvolitavit
712 3319 851 3392 hirundo,

171 3415 207 3473 Et
219 3426 348 3473 veterem
363 3413 393 3472 in
409 3414 482 3472 limo
496 3432 583 3472 ranae
597 3413 734 3471 cecinere
749 3413 909 3489 querelam.

169 3506 292 3584 Saepius
306 3518 336 3566 et
351 3507 437 3565 tectis
453 3506 655 3582 penetralibus
670 3506 774 3564 extulit
787 3525 845 3564 ova

167 3602 334 3678 Angustum
350 3599 474 3657 formica
488 3609 588 3657 terens
603 3598 666 3671 iter,
682 3611 711 3658 et
725 3598 802 3657 bibit
816 3597 921 3674 ingens
1112 3613 1149 3663 ,ιο

167 3696 268 3763 Arcus
284 3704 315 3751 et
329 3711 346 3750 e
361 3703 450 3768 pastu
464 3691 615 3750 decedens
630 3691 748 3769 agmine
763 3709 872 3768 magno

166 3787 330 3844 Corvorum
347 3785 494 3860 increpuit
508 3784 610 3843 densis
625 3785 770 3843 exercitus
784 3783 847 3842 alis.

163 3879 231 3952 Jam
246 3878 343 3936 varias
358 3877 455 3954 pelagi
470 3878 615 3949 volucres,
631 3888 661 3936 et
676 3896 752 3952 quae
767 3876 842 3935 Asia
855 3875 966 3935 circum

164 3970 312 4029 Dulcibus
328 3969 358 4027 in
376 3969 489 4046 stagnis
503 3969 646 4028 rimantur
659 3980 744 4047 prata
759 3970 884 4046 Caystri,

163 4063 309 4124 Certatim
325 4063 426 4140 largos
440 4061 570 4122 humeris
584 4061 740 4122 infundere
755 4080 845 4134 rores,
