2610 4882
361 662 368 674 ”
413 683 596 728 onocorcou
617 684 675 727 nm
699 683 732 727 11.

119 806 188 879 ΑΜ
197 825 266 890 soto:
281 826 320 907 id·
327 828 413 889 venti
426 838 531 890 curant
544 828 719 908 gelidaeque
733 826 859 905 pruinae

115 894 156 963 Et
168 911 284 983 labefacta
295 942 424 983 movens
436 923 577 983 robustus
595 923 700 1001 jugera
713 922 817 981 fossor.

105 990 360 1090 Assiqmshaud
373 1013 691 1092 uiramegruntra
704 1013 787 1092 fugit,
1026 1029 1064 1078 ιο,

94 1083 191 1162 Ante
200 1105 278 1167 locum
292 1107 419 1168 simiam
431 1106 598 1185 exquirunt,
609 1107 663 1166 ubi
676 1107 773 1184 prima
785 1115 906 1183 parem

82 1177 254 1260 Artorius
266 1219 358 1279 seges,
373 1212 405 1260 et
418 1219 479 1277 quo
493 1219 563 1259 mox
577 1198 693 1278 digesta
706 1199 825 1273 feratur,

158 1299 238 1352 uuum
250 1293 387 1372 ignorent
399 1293 501 1353 subito
515 1311 554 1353 ne
567 1292 685 1352 semina
698 1301 832 1351 matrem.

65 1361 186 1447 Quin
196 1386 270 1445 etiam
283 1386 361 1446 coeli
376 1386 529 1464 regionem
543 1385 575 1444 in
589 1385 701 1445 cortice
716 1383 844 1462 signant,

63 1449 164 1546 Ut,
174 1495 220 1553 quo
230 1497 364 1554 quaeque
377 1480 470 1538 modo
483 1478 607 1551 steterit,
622 1496 682 1554 qua
695 1487 779 1553 parte
793 1477 907 1537 calores
1027 1507 1066 1546 ¹70

59 1555 246 1630 Aisuinos
258 1571 366 1643 tulerit
383 1589 460 1647 quae
475 1580 559 1649 terga
572 1570 734 1630 obverterit
747 1568 803 1642 axi,

58 1639 275 1723 Restituam:
292 1663 371 1723 adeo
385 1664 416 1722 in
431 1663 543 1723 teneris
557 1680 753 1722 consuescere
767 1661 893 1722 multum
907 1670 963 1723 est.
1012 1717 1014 1723 ,

58 1740 224 1815 Collibus
236 1775 272 1816 an
288 1757 380 1833 plano
394 1757 501 1816 melius
514 1757 554 1815 sit
567 1774 681 1833 ponere
696 1755 796 1827 vitem,

61 1834 206 1918 Quaere
217 1849 306 1926 prius
350 1849 383 1909 Si
397 1847 515 1926 pinguis
528 1868 617 1927 agros
631 1847 783 1907 metabere
795 1845 903 1923 campi,

67 1924 193 2000 Densa
204 1960 268 2001 sere
281 1964 290 2017 ;
309 1942 341 2001 in
355 1941 451 2001 denso
465 1960 528 2001 non
541 1940 662 2019 segnior
676 1939 768 1999 ubere
783 1939 918 2000 Bacchus
929 1960 940 2016 ;
1026 1964 1064 2003 us

77 2022 153 2090 Sin
163 2034 274 2095 tumulis
285 2035 401 2095 acclive
414 2035 512 2095 solum
525 2034 678 2110 collesque
693 2033 828 2111 supinos,

82 2115 213 2206 Induige
226 2127 391 2201 ordinibus,
405 2146 463 2188 nec
476 2128 573 2188 secius
587 2127 686 2187 omnis
700 2125 731 2185 in
746 2143 877 2204 unguem

93 2215 248 2280 Arboribus
261 2220 368 2299 positis
382 2231 467 2281 secto
479 2221 529 2280 via
540 2220 634 2280 limite
649 2219 781 2297 quadret.

93 2302 146 2368 Ut
154 2331 231 2390 saepe
244 2313 360 2392 ingenti
373 2315 455 2374 bello
469 2333 559 2391 quum
575 2315 665 2392 longa
677 2314 819 2372 cohortes

100 2396 232 2480 anticuit
247 2407 335 2485 legi0,
351 2418 383 2466 et
395 2427 502 2484 campo
517 2408 598 2467 stetit
613 2427 719 2485 agmen
735 2418 848 2483 aperto,
1026 2418 1064 2459 τεο

106 2489 282 2576 Directaeque
296 2500 386 2572 acies,
404 2519 440 2560 ac
455 2501 513 2559 late
527 2500 650 2559 fluctuat
664 2501 762 2559 omnis

114 2586 170 2649 Aere
181 2592 323 2652 renidenti
338 2592 434 2664 tellus,
451 2593 580 2652 necdum
594 2592 715 2651 horrida
729 2593 857 2651 miscent

114 2675 207 2757 Proelia,
221 2686 276 2745 sed
288 2685 398 2744 dubius
411 2686 517 2745 mediis
533 2687 617 2745 Mars
632 2696 711 2744 errat
726 2686 756 2744 in
771 2685 862 2744 armis
874 2705 884 2760 3

116 2767 195 2835 Omnia
207 2779 266 2838 sint
280 2779 401 2856 paribus
416 2779 546 2838 numeris
560 2779 697 2838 dimensa
710 2778 843 2851 viarum3

119 2859 298 2929 Nummum
312 2871 404 2930 modo
416 2871 460 2930 uti
474 2881 578 2948 pascat
592 2882 766 2949 prospectus
781 2872 910 2943 inanem,
1026 2882 1063 2932 οὓς

10 2986 14 3035 3
119 2952 158 3016 Sed
168 2963 229 3038 quia
242 2983 305 3023 non
316 2964 405 3023 aliter
418 2965 496 3023 vires
510 2963 593 3023 dabit
608 2965 747 3023 omnibus
761 2983 873 3040 aequas

118 3044 189 3125 Terta,
203 3075 298 3133 neque
314 3055 344 3114 in
359 3075 484 3116 vacuum
497 3067 638 3133 poterunt
650 3075 684 3116 se
699 3058 862 3116 extendere
876 3053 959 3114 rami

144 3144 260 3209 Forsitan
274 3161 306 3209 et
320 3150 477 3209 scrobibus
492 3169 567 3226 quae
582 3150 642 3210 sint
656 3149 774 3228 fastigia
788 3168 922 3226 quaeras.

113 3233 192 3299 Ausim
203 3243 249 3301 vel
264 3243 348 3302 tenui
362 3242 453 3301 vitem
466 3244 653 3302 committere
668 3244 762 3302 sulco.

110 3328 184 3391 Altior
195 3354 228 3394 ac
242 3335 363 3412 penitus
376 3345 469 3394 terrae
484 3336 622 3412 defigitur
635 3336 734 3407 arbos,
1027 3359 1065 3397 οφ

107 3421 229 3486 Aesculus
243 3429 273 3486 in
288 3427 401 3504 primis
417 3447 502 3503 quae,
519 3439 662 3503 quantum
675 3427 786 3487 vertice
799 3427 838 3487 ad
852 3446 940 3488 auras

105 3516 249 3592 Aetherias,
266 3530 381 3579 tantum
394 3520 493 3579 radice
508 3520 538 3578 in
553 3522 679 3579 Tartara
693 3522 796 3579 tendit

102 3608 169 3687 Ergo
182 3631 240 3670 non
254 3613 368 3671 hiemes
383 3611 472 3684 illam,
489 3632 549 3671 non
564 3613 665 3686 flabra,
681 3633 778 3689 neque
794 3613 903 3672 imbres

98 3702 285 3777 Convellunt3
305 3704 419 3764 inmota
432 3716 541 3777 manet,
556 3707 724 3781 multosque
739 3715 874 3782 nepotes,

93 3796 185 3854 Multa
197 3797 289 3856 virum
303 3798 428 3857 volvens
442 3798 576 3857 durando
591 3799 710 3857 saecula
723 3799 814 3858 vincit
825 3821 834 3873 ς
1027 3821 1064 3859 2⁹⁵

89 3890 165 3947 Tum
179 3889 267 3949 sortes
280 3892 338 3950 late
354 3910 452 3950 ramos
467 3901 497 3952 et
509 3891 631 3950 brachia
645 3892 773 3951 tendens

37 4017 43 4028 ·
86 3984 160 4042 Huc
173 3982 250 4054 illuc,
264 3983 363 4042 media
377 3984 442 4060 ipsa
456 3984 607 4061 ingentem
621 3984 748 4043 sustinet
761 3984 906 4043 umbram

125 4075 213 4134 Neve
226 4076 280 4135 tibi
294 4077 332 4137 ed
346 4077 442 4137 solem
455 4087 579 4156 vergant
592 4077 692 4137 vineta
705 4078 864 4138 cadentem
877 4098 886 4151 ;
