2610 4926
494 676 654 721 smarnos
675 676 734 722 LIB.
758 678 778 720 1.

196 818 285 880 Moenia
295 820 502 898 Romanosque
517 841 573 882 suo
586 822 624 883 de
638 823 761 883 nornine
775 821 863 884 dicet.
955 826 959 835 “

195 911 234 973 His
244 933 288 991 ego
297 933 346 974 nec
359 925 458 974 metas
472 933 570 975 rerum
584 935 640 975 nec
655 927 791 994 tempora
804 935 906 994 pono;

170 1052 179 1081 ,
193 1004 311 1083 Inpenum
323 1007 385 1068 sine
399 1008 461 1066 fine
474 1007 556 1068 dedi.
598 1008 681 1083 Quin
696 998 801 1086 aspera
813 1011 920 1086 Juno„

191 1096 249 1172 Quae
259 1120 326 1161 mare
338 1119 420 1162 nunc
433 1111 585 1176 terrasque
600 1112 682 1160 metu
696 1102 873 1178 coelumque
888 1100 1000 1180 fatigat,
1088 1121 1127 1162 aa

191 1189 284 1254 Consilia
294 1194 323 1253 in
336 1193 443 1255 melius
457 1194 572 1265 reseret,
588 1212 767 1271 mecumque
781 1193 893 1254 fovebit

190 1281 310 1361 Ronanus,
323 1307 421 1348 rerum
436 1285 586 1360 dominos,
600 1299 780 1364 gentemque
795 1298 935 1364 togatam

188 1374 220 1436 Sic
227 1379 356 1456 placitam
393 1379 504 1441 Veniet
517 1379 616 1440 lustris
629 1380 800 1439 labentibus
814 1390 906 1452 aetas,

188 1469 239 1530 Cm
249 1473 344 1534 domus
359 1472 497 1535 Assaraci
513 1471 651 1532 Phthiam
666 1472 819 1549 clarasque
835 1474 981 1550 Mycenas

187 1561 449 1645 Suritiopremetac
463 1565 550 1626 victis
563 1564 766 1626 dominabitur
779 1564 874 1641 Argis.
1087 1584 1125 1634 nas

185 1653 294 1719 Nascetur
306 1659 430 1737 pulchra
443 1661 591 1736 Trojanus
605 1657 719 1737 origine
735 1658 853 1730 Caesar,

184 1746 307 1826 Imperium
322 1753 457 1827 Oceano,
472 1754 583 1812 samam
597 1751 648 1829 qui
663 1749 800 1811 terminet
815 1748 908 1823 astris,

181 1839 255 1918 Julius,
268 1863 285 1905 a
296 1864 406 1924 magno
419 1845 582 1907 demissum
596 1859 707 1905 nomen
723 1844 798 1904 Iulo.

183 1933 247 1997 Hunc
259 1949 288 1999 tu
300 1939 372 2000 olim
386 1940 483 2013 coelo,
498 1938 600 2016 spoliis
614 1937 747 1999 Orientis
763 1947 912 2010 onustum,

181 2027 287 2108 Accipies
299 2051 421 2106 secura;
437 2032 591 2093 vocabitur
604 2031 654 2091 hic
669 2049 789 2108 quoque
803 2029 888 2088 votis.
1087 2059 1124 2099 ιφ

179 2120 265 2198 dapem
276 2137 336 2187 ttrm
351 2125 457 2204 positis
470 2125 627 2185 mitescent
641 2124 742 2184 secula
757 2122 863 2196 bellis;

180 2210 239 2274 Cana
251 2217 345 2292 Fides,
359 2229 391 2279 et
404 2220 505 2292 Vesta,
522 2220 621 2277 Remo
635 2236 703 2277 cum
718 2218 805 2277 fratre
820 2214 970 2292 Quirinus,

178 2303 228 2378 Jun
238 2310 362 2385 dabunt3
383 2310 465 2371 dirae
479 2312 554 2371 ferro
569 2322 599 2371 et
613 2309 807 2388 compagibus
822 2309 891 2369 artis

179 2397 330 2465 Claudentur
344 2404 418 2464 Belli
434 2416 556 2480 portae,
577 2407 672 2463 Furor
686 2404 793 2480 impius
807 2403 886 2462 intus

152 2556 156 2569 ,
178 2489 246 2554 Saeva
258 2498 360 2557 sedens
376 2517 464 2575 super
477 2517 559 2557 arma
573 2510 603 2558 et
617 2509 736 2557 centum
752 2496 866 2556 vinctus
881 2494 964 2556 aenis
1085 2523 1123 2563 aar

142 2590 146 2599 '
178 2582 228 2647 Post
240 2600 347 2668 tergum
361 2591 449 2650 nodis
463 2591 567 2650 fremet
581 2591 717 2649 horridus
730 2609 780 2649 ore
794 2601 925 2649 cruento.

205 2680 275 2742 Haec
289 2683 338 2756 ait,
354 2696 384 2743 et
401 2683 483 2742 Maia
496 2684 628 2760 genitum
644 2683 772 2742 demittit
787 2684 825 2742 ab
840 2684 910 2756 alt0,

177 2767 207 2830 Ut
217 2786 309 2848 terrae,
325 2787 417 2852 utque
432 2795 527 2835 novae
541 2788 663 2853 pateant
679 2776 870 2852 Karthaginis
885 2795 968 2836 arces

175 2861 291 2944 Hospitio
305 2870 437 2943 Teucris,
453 2889 491 2929 ne
506 2869 556 2929 sati
571 2869 672 2928 nescia
687 2869 768 2928 Dido

175 2954 271 3021 Finibus
285 2974 405 3022 arceret
442 2963 533 3022 Volat
547 2961 595 3022 ille
610 2982 662 3039 per
676 2965 744 3021 aera
758 2981 897 3038 magnum
1087 2989 1125 3027 ,ω

173 3048 287 3132 Remigio
301 3057 423 3127 alarum,
439 3075 474 3114 ac
489 3056 601 3132 Libyae
615 3055 690 3114 citus
705 3055 818 3115 adstitit
833 3055 898 3114 oria

172 3141 199 3202 u
207 3148 261 3222 jarn
274 3152 357 3225 jussa
372 3148 449 3222 sacit,
466 3160 639 3225 ponuntque
654 3148 763 3208 ferocia
779 3147 872 3207 Poeni

171 3235 250 3299 Corda
262 3243 382 3301 volente
397 3241 475 3313 de0;
496 3241 524 3299 in
541 3241 642 3317 primis
657 3241 758 3317 regina
771 3241 904 3316 quietum

168 3330 267 3409 Accipit
283 3334 312 3392 in
328 3337 461 3393 Teucros
476 3333 606 3393 animum
622 3346 811 3410 mentemque
826 3332 995 3408 benignam.

199 3427 234 3485 dt
246 3427 312 3504 pius
327 3430 455 3498 Aeneas,
471 3439 656 3503 pernoctem
672 3429 797 3504 plurima
811 3427 944 3499 volvens,
1088 3455 1125 3493 305

167 3514 202 3575 Ut
213 3520 333 3594 primum
349 3520 400 3578 lux
414 3519 492 3579 alma
505 3520 575 3579 data
589 3519 642 3592 est,
659 3520 736 3580 exire
751 3521 894 3596 locosque

166 3607 308 3686 Erplorare
323 3632 427 3684 novos,
443 3632 517 3689 quas
532 3623 621 3672 vento
636 3612 792 3673 accesserit
806 3631 882 3683 oraS,

165 3701 214 3776 Qui
227 3716 352 3778 teneant,
368 3724 438 3763 nam
454 3705 564 3764 inculta
577 3706 667 3779 videt,
682 3705 857 3765 hominesne
872 3705 998 3780 ieraeue,

163 3794 296 3869 Quaerere
310 3797 473 3869 constituit,
490 3798 636 3874 sociisque
651 3808 754 3857 exacta
769 3799 882 3857 referre.

162 3888 282 3949 Classem
297 3891 326 3949 in
342 3909 479 3950 convexo
493 3909 646 3949 nemorum
662 3893 716 3949 sub
731 3910 802 3967 rupe
816 3902 921 3951 cavata
1087 3919 1125 3956 ,ιο

160 3980 310 4043 Arboribus
323 3985 457 4043 clausam
471 3982 581 4043 circum
596 3993 685 4058 atque
700 3983 884 4044 horrentibus
899 3982 1011 4044 umbris

160 4071 286 4152 Occulit;
306 4077 372 4155 ipse
386 4095 448 4136 uno
461 4076 592 4153 graditur
605 4075 762 4136 comitatus
778 4078 901 4151 Achate,
