2610 4926
405 683 615 728 summoneri.
637 683 697 726 uu.
720 684 753 727 11.

95 831 177 891 Ferre
190 839 298 908 potest,
313 828 474 905 calidoque
488 828 647 889 involvitur
659 829 792 906 undique
806 831 908 908 mmo,
993 866 995 870 ι

92 925 217 1000 Quoque
231 933 280 983 eat
294 933 347 983 aut
360 921 413 983 ubi
426 923 473 995 sit,
489 922 575 998 picea
590 921 717 999 caligine
731 933 827 983 tectus

89 1017 201 1090 Nescit,
217 1027 248 1077 et
261 1015 384 1076 arbitrio
397 1016 552 1075 volucrum
566 1026 699 1092 raptatur
713 1035 866 1092 equorum.

88 1110 235 1187 Sanguine
249 1120 323 1170 tunc
336 1108 462 1169 creduut
475 1107 506 1167 in
521 1126 653 1184 corpora·
661 1127 778 1168 summa
790 1121 900 1170 vocato
1028 1140 1066 1180 ¹³⁵

88 1203 270 1280 Aethiopum
284 1203 416 1280 populos
430 1201 546 1278 nigrum
560 1201 688 1278 traxisse
697 1202 853 1277 colorem3

87 1295 172 1355 Tunc
186 1296 267 1355 lacta
280 1306 327 1357 est
341 1296 437 1373 Libye
450 1294 543 1371 raptis
556 1293 731 1354 humoribus
746 1305 831 1355 aestu

87 1389 197 1463 Arida;
216 1399 289 1448 tuuc
304 1388 464 1466 Nymphae
478 1386 574 1465 passis
588 1387 747 1463 sontesque
760 1388 906 1466 lacusque

87 1481 241 1541 Detlevere
255 1482 370 1542 comis:
386 1482 503 1558 quaerit
518 1481 643 1542 Boeotia
658 1481 778 1554 Dircen,

86 1576 182 1651 Argos
196 1577 397 1652 Amymonen,
414 1576 534 1652 Ephyre
549 1573 705 1634 Pirenidas
719 1573 824 1635 undas
1029 1602 1068 1646 ψ

86 1667 115 1726 N
117 1686 152 1726 ec
165 1667 272 1727 sortita
283 1668 352 1729 loco
367 1667 513 1729 distantes
526 1667 651 1728 flumina
662 1665 743 1744 ripas

85 1761 164 1818 Tuta
178 1772 321 1821 manent:
340 1760 447 1822 mediis
460 1759 574 1821 Tanais
587 1759 711 1821 fumavit
724 1759 755 1818 in
770 1758 869 1834 undis,

87 1853 266 1929 Peneosque
280 1872 371 1913 senex
384 1853 664 1931 Teuthranteusque
679 1853 789 1916 Caicus

84 1946 123 2005 Et
137 1946 218 2005 celer
232 1947 370 2006 Ismenos
383 1964 452 2007 cum
468 1947 640 2025 Psophideo
655 1946 847 2024 Etymantho,

83 2041 271 2114 Arsurusque
285 2038 391 2099 iterum
405 2040 543 2100 Xanthus
556 2040 712 2117 flavusque
727 2041 897 2118 Lycormas,
1026 2071 1063 2111 245

83 2132 203 2208 Quique
217 2132 376 2193 recurvatis
390 2132 466 2193 ludit
480 2134 661 2194 Maeandros
676 2133 708 2193 in
722 2133 820 2207 undis,

84 2225 327 2302 Mygdoniusque
343 2226 439 2286 Melas
453 2237 484 2287 et
497 2226 661 2287 Taenarius
677 2228 824 2301 Eurotas,

84 2318 163 2377 Arsit
177 2329 208 2378 et
224 2319 391 2395 Euphrates
406 2319 594 2396 Babylonius,
611 2319 682 2379 arsit
696 2321 835 2393 Orontes,

83 2412 338 2487 Thermodonque
352 2412 427 2472 citus
442 2415 622 2489 Gangesque
637 2424 668 2472 et
682 2413 786 2473 Phasis
801 2425 831 2474 et
845 2416 923 2474 Ister
931 2437 941 2490 3

84 2506 208 2564 Aestuat
223 2505 366 2582 Alpheos,
382 2505 463 2581 ripae
477 2505 673 2582 Spercheides
687 2507 812 2580 ardent,
1024 2537 1061 2576 ῳ

84 2597 233 2674 Quodque
249 2617 303 2658 suo
318 2600 418 2674 Tagus
431 2618 519 2658 amne
533 2599 623 2672 vehit,
639 2599 704 2658 fluit
719 2598 845 2676 ignibus,
862 2619 984 2677 aurum;

85 2690 130 2761 Et,
146 2710 222 2766 quae
238 2691 396 2751 Maeonias
409 2693 602 2752 celebrabant
616 2692 747 2752 camnine
761 2692 848 2769 ripas,

85 2783 257 2843 Flumineae
271 2786 406 2844 volucres
420 2784 520 2844 medio
535 2786 651 2845 caluere
667 2786 800 2862 Caystro.

24 2934 27 2941 ,
85 2876 169 2935 Nilus
184 2878 214 2934 in
229 2876 394 2939 extrdlnum
407 2878 481 2956 sugit
496 2878 666 2955 perterritus
680 2880 793 2952 orbem,

86 2969 282 3046 Occuluitque
296 2982 394 3047 caput,
410 2971 492 3046 quod
507 2972 605 3031 adhuc
620 2973 711 3032 latet:
732 2972 808 3031 ostia
822 2983 937 3050 septem
1023 3004 1060 3044 255
1098 3011 1101 3015 -

85 3062 290 3122 Pulverulenta
303 3075 411 3124 vacant
425 3074 540 3141 septem
554 3064 619 3124 sine
633 3065 756 3124 flumine
770 3066 871 3124 valles.

85 3155 155 3214 Fors
169 3157 276 3215 eadem
292 3157 439 3230 ismarius,
457 3159 595 3217 Hebrum
610 3176 679 3217 cum
695 3160 861 3235 Strymone,
878 3159 969 3220 siccat

86 3248 307 3324 Hesperiosque
321 3268 435 3322 amnes,
451 3251 592 3310 Rhenum
608 3251 851 3327 Rhodanumque
871 3253 1057 3331 Padumque,

85 3341 199 3416 Cuique
213 3341 268 3400 suit
283 3361 379 3401 rerum
393 3342 539 3419 promissa
553 3343 696 3420 potentia,
712 3344 854 3421 Thybrin.

85 3433 196 3493 Dissilit
211 3453 302 3493 omne
316 3436 421 3508 solum,
437 3446 632 3512 penetratque
647 3437 677 3495 in
692 3439 816 3497 Tartara
828 3438 910 3499 rimis
1022 3457 1060 3496 ιω

86 3527 197 3586 Lumen
212 3538 243 3586 et
256 3526 402 3587 infernum
418 3539 506 3589 terret
519 3549 589 3589 cum
603 3532 731 3607 conjuge
745 3550 844 3608 regem
856 3554 865 3605 3
1131 3538 1134 3543 ’

85 3619 120 3678 Et
134 3638 213 3679 mare
227 3621 418 3695 contrahitur,
434 3621 591 3699 siccaeque
607 3634 652 3682 est
666 3642 789 3700 campus
803 3644 910 3685 menae

84 3712 172 3786 Quod
187 3712 280 3773 modo
295 3725 405 3790 pontus
419 3726 490 3788 erat,
506 3735 644 3792 quosque
659 3717 751 3776 altum
766 3728 878 3778 texerat
892 3737 1012 3795 aequor,

84 3804 234 3865 Exsistunt
247 3817 367 3866 montes
381 3818 411 3866 et
424 3826 542 3883 sparsas
557 3810 706 3885 Cycladas
720 3823 835 3886 augent

84 3897 146 3956 lma
160 3909 266 3975 petunt
280 3899 386 3975 pisces,
402 3918 459 3960 nec
473 3920 505 3961 se
519 3919 608 3977 super
621 3920 752 3978 aequora
765 3903 846 3963 curvi
1021 3922 1059 3971 ,ες

82 3991 198 4052 Tollere
212 4003 372 4052 consuetas
386 3994 498 4053 audent
512 3993 669 4070 delphines
684 3994 715 4053 in
729 4015 822 4056 auras.

83 4084 214 4162 Corpora
228 4085 393 4162 phocarum
407 4105 525 4147 summo
538 4086 677 4164 resupina
691 4089 839 4165 profundo
