2610 4926
118 819 121 825 Δ
183 759 235 798 102
405 807 407 811 y
495 752 838 796 1³.v1RG1L111ttA1tottrs

273 856 284 879 ·

141 955 144 959 .
180 899 269 959 Adde
283 908 328 958 tot
342 896 474 974 egregias
488 899 576 958 urbes
590 916 773 974 operumque
787 898 929 970 laborem,
1122 923 1160 963 ις,

179 993 240 1051 Tot
254 1002 395 1067 congesta
410 1009 499 1049 manu
514 990 677 1066 praeruptis
692 991 804 1067 oppida
816 989 903 1064 saxis,

180 1083 375 1159 Fluminaque
390 1082 528 1159 antiquos
543 1083 777 1144 subterlabentia
788 1102 897 1143 muros

179 1178 229 1236 An
244 1195 333 1248 mare,
349 1176 430 1251 quod
445 1193 540 1251 supra,
556 1194 728 1249 memorem,
743 1177 885 1253 quodque
899 1175 983 1236 alluit
997 1173 1095 1236 infra?

178 1271 267 1328 Anne
282 1268 363 1327 lacus
377 1278 484 1341 tantos,
500 1278 539 1341 te,
555 1268 622 1327 Lari
637 1268 773 1343 maxime,
789 1279 886 1346 teque,

180 1361 334 1420 Fluctibus
349 1372 378 1420 et
392 1360 509 1420 fremitu
523 1362 684 1438 adsurgens
699 1364 815 1422 Benace
829 1361 964 1421 marino?
1122 1378 1162 1419 ιω

180 1456 229 1513 An
244 1472 407 1513 memorem
421 1464 523 1531 portus
539 1454 727 1531 Lucrinoque
742 1454 845 1515 addita
857 1455 986 1514 claustra

179 1549 280 1624 Atque
295 1545 478 1623 indignatum
493 1547 607 1624 magnis
622 1547 795 1607 stridoribus
810 1566 929 1624 aequor,

134 1641 138 1649 '
179 1641 258 1717 Julia
272 1659 331 1716 qua
346 1651 440 1716 ponto
454 1641 542 1717 longe
557 1652 643 1700 sonat
657 1641 738 1700 unda
751 1642 848 1701 refuso

179 1734 408 1810 Tyrrhenusque
423 1732 504 1793 sretis
519 1733 684 1794 immittitur
697 1745 795 1794 aestus
810 1732 956 1794 Auernis?

181 1828 268 1885 Haec
283 1827 388 1885 eadem
404 1827 516 1903 argenti
530 1827 608 1887 rivos
623 1827 756 1903 aerisque
771 1828 892 1887 metalla
1126 1844 1163 1893 1⁶³

180 1919 320 2005 Ostendit
335 1919 427 1992 venis,
443 1932 532 1997 atque
547 1939 617 1979 auro
632 1920 757 1997 plurima
770 1920 879 2000 fluxit·

181 2013 268 2071 Haec
282 2032 375 2089 genus
390 2031 458 2072 acre
471 2013 575 2087 virum,
591 2016 718 2086 Marsos,
733 2015 903 2089 pubemque
918 2011 1078 2085 Sabellam,

178 2106 404 2182 Adsuetumque
420 2107 499 2165 malo
515 2106 661 2183 Ligurem,
676 2107 864 2182 Volscosque
877 2114 998 2165 verutos

180 2187 301 2271 Extulit,
317 2199 392 2258 haec
407 2199 528 2272 Decios,
545 2199 667 2272 Marios,
683 2217 865 2275 magnosque
881 2197 1034 2270 Camillos,

149 2334 153 2343 -
179 2292 332 2369 Scipiadas
347 2293 436 2351 duros
450 2293 538 2365 bello,
555 2303 585 2351 et
599 2304 636 2364 te,
653 2291 779 2351 maxime
796 2293 914 2362 Caesar,
1126 2290 1175 2358 »μ’

180 2385 241 2459 Qui
256 2404 335 2444 nunc
351 2386 489 2444 extremis
505 2385 594 2445 Asiae
608 2387 669 2461 jam
684 2384 821 2444 victorin
837 2383 895 2443 oris

181 2479 338 2537 Imbellem
353 2477 460 2537 avertis
476 2479 621 2537 Romanis
636 2478 751 2538 arcibus
767 2479 885 2537 Indum.

182 2574 277 2644 Salve,
294 2590 402 2648 magna
416 2590 522 2648 parens
538 2572 660 2648 frugum,
676 2571 811 2631 Saturnia
824 2572 920 2642 tellus,

182 2668 295 2742 Magna
308 2665 423 2739 virum,
444 2665 497 2724 tibi
513 2685 558 2723 res
572 2665 711 2741 antiquae
727 2664 820 2723 laudis
835 2676 864 2723 et
880 2662 950 2722 artis

181 2758 344 2834 Ingredior,
361 2769 479 2817 sanctos
494 2777 581 2816 ausus
596 2758 746 2816 recludere
761 2756 859 2830 sontis,

180 2854 403 2928 Ascraeumque
419 2870 495 2911 cano
511 2852 649 2910 Romana
663 2870 716 2927 per
729 2850 841 2925 oppida
855 2867 983 2908 carmen.

222 2947 310 3003 Nunc
326 2946 409 3003 locus
425 2963 559 3003 arvorum
575 2943 707 3019 ingeniis,
724 2962 800 3018 quae
816 2944 922 3001 robora
936 2939 1056 3016 cuique,

180 3037 256 3113 Quis
271 3039 362 3108 color,
379 3049 408 3105 et
423 3057 499 3113 quae
515 3037 551 3096 sit
566 3038 653 3096 rebus
668 3047 771 3094 natura
786 3034 921 3093 serendis.

181 3131 325 3190 Difficiles
341 3131 468 3208 primum
484 3140 576 3189 terrae
591 3130 742 3204 collesque
757 3127 884 3204 maligni,

180 3224 293 3283 Tenuis
307 3225 358 3283 ubi
373 3225 474 3300 argilla
489 3236 518 3282 et
533 3223 665 3282 dumosis
680 3223 809 3281 calculus
824 3220 908 3294 arus,
996 3274 999 3278 .

181 3318 314 3377 Palladia
328 3319 459 3394 gaudent
473 3317 547 3375 silva
561 3315 671 3374 vivacis
686 3315 789 3374 olivae.

181 3411 299 3471 Indicio
314 3423 359 3470 est
374 3422 468 3469 tractu
483 3429 604 3485 surgens
619 3410 745 3467 oleaster
759 3408 866 3467 eodem

182 3505 328 3564 Plurimus
343 3515 373 3562 et
386 3503 468 3562 strati
484 3502 583 3561 baccis
599 3501 778 3560 silvestribus
793 3500 860 3577 agri.

181 3602 222 3658 At
237 3616 313 3674 quae
329 3596 446 3671 pinguis
460 3595 568 3652 humus
583 3593 721 3669 dulcique
736 3594 846 3671 uligine
862 3595 948 3666 laeta,

181 3691 300 3765 Quique
316 3690 453 3763 frequens
468 3686 566 3745 herbis
581 3697 611 3745 et
626 3686 725 3744 fertilis
740 3688 830 3744 ubere
845 3705 1018 3762 campus-

181 3784 309 3856 Qualem
325 3800 414 3855 saepe
429 3798 503 3838 cava
518 3778 626 3838 montis
641 3780 775 3836 convalle
791 3779 918 3838 solemus

182 3875 362 3950 Despicere3
383 3874 441 3931 huc
456 3871 578 3930 summis
593 3871 743 3946 liquuntur
757 3871 877 3946 rupibus
892 3890 1005 3945 amnes,

182 3967 371 4041 Felicemque
387 3965 506 4023 trahunt
520 3963 789 4038 limum—quique
805 3963 901 4022 editus
917 3976 1025 4037 austro,

183 4061 221 4118 Et
234 4057 342 4116 filicem
357 4057 452 4116 curvis
468 4055 592 4114 invisam
608 4055 701 4132 pascit
716 4056 836 4114 aratris:

184 4151 244 4210 Hic
259 4149 312 4210 tibi
326 4149 512 4228 praevalidas
527 4149 598 4208 olim
613 4150 766 4225 multoque
780 4150 906 4209 fluentes
