2610 4926
401 685 610 729 ammom
632 686 690 730 ΗΒ.
716 687 748 729 11.

91 839 128 894 At
142 846 183 907 tu,
199 829 306 892 funesti
319 850 359 891 ne
373 829 430 890 sim
445 829 498 890 tibi
513 831 642 890 muneris
656 843 766 905 auctor,

92 931 176 1000 Nate,
192 946 272 999 cave,
289 924 361 984 dum
376 943 483 1000 resque
498 923 573 996 sinit,
589 935 641 984 tua
653 925 767 1001 corrige
780 937 859 988 vota.

91 1022 215 1093 Scilicet,
230 1030 262 1078 ut
276 1029 380 1077 nostro
394 1017 526 1094 genitum
540 1029 570 1076 te
585 1019 728 1096 sanguine
742 1018 855 1092 credas,
1039 1046 1066 1087 90

92 1115 217 1191 Pignora
231 1124 311 1171 certa
325 1110 421 1187 petis:
442 1110 483 1168 do
497 1109 622 1186 pignora
634 1123 715 1171 certa
729 1111 873 1183 timendo,

93 1210 128 1266 Et
142 1204 238 1284 patrio
251 1215 337 1281 pater
350 1222 415 1263 esse
429 1213 510 1263 metu
525 1205 641 1279 probor.
686 1203 819 1281 Adspice
832 1204 932 1265 vultus

93 1302 169 1359 Ecce
184 1317 275 1371 meos,
289 1297 464 1372 utinamque
478 1297 582 1355 oculos
595 1295 626 1354 in
640 1308 763 1373 pectora
775 1316 880 1375 posses

93 1395 224 1452 Inserere
239 1403 268 1450 et
283 1389 392 1467 patrias
405 1389 485 1448 intus
499 1388 682 1465 deprendere
696 1395 798 1450 curas!

92 1485 230 1561 Denique
245 1482 387 1560 quicquid
401 1482 492 1542 habet
506 1482 598 1556 dives,
614 1483 815 1560 circumspice,
830 1484 968 1558 mundus,
1037 1513 1064 1553 ς,
1103 1499 1110 1512 ·

92 1579 175 1655 fque
189 1584 235 1637 tot
248 1595 284 1636 ac
298 1575 388 1636 tantis
401 1574 479 1635 coeii
493 1587 647 1652 terraeque
660 1576 809 1652 marisque

92 1673 184 1731 Posce
199 1669 288 1730 bonis
301 1668 431 1745 aliquid:
452 1670 563 1728 nullam
578 1669 690 1746 patiere
704 1671 860 1745 repulsam.

91 1766 244 1841 Deprecor
256 1763 315 1823 hoc
328 1781 429 1834 unum,
445 1762 527 1838 quod
542 1780 612 1821 vero
627 1761 749 1822 nomine
763 1780 871 1839 poena,

90 1859 160 1917 Non
173 1857 272 1916 honor
286 1866 338 1916 est.
382 1857 523 1928 Poenam,
539 1855 706 1928 Phaethon,
721 1873 776 1931 pro
790 1874 912 1915 munere
925 1855 1033 1934 poscis

90 1950 168 2025 Quid
185 1969 253 2010 mea
266 1950 344 2009 colla
357 1958 442 2008 tenes
456 1947 582 2021 blandis,
597 1947 708 2024 ignare,
720 1947 858 2007 lacertis?
1027 1978 1064 2007 ιω

91 2046 136 2104 Ne
150 2043 272 2104 dubita:
294 2042 459 2102 dabitur-
469 2040 584 2119 Stygias
595 2041 758 2120 juravimus
771 2041 917 2127 undas-

90 2137 308 2212 Quodcumque
322 2134 452 2212 optaris;
473 2135 527 2194 sed
542 2145 574 2194 tu
590 2133 752 2211 sapientius
767 2146 847 2211 opta

128 2229 258 2289 Finierat
274 2227 423 2301 monitus;
442 2227 529 2287 dictis
544 2238 643 2288 tamen
659 2227 708 2288 ille
723 2237 876 2304 repugnat,

90 2323 335 2399 Propositumque
350 2321 456 2398 premit
469 2321 632 2398 flagratque
647 2320 787 2398 cupidine
802 2340 910 2381 currus

91 2417 175 2492 Ergo,
192 2435 251 2491 qua
265 2415 354 2487 licuit,
370 2414 485 2492 genitor
499 2427 662 2489 cunctatus
679 2416 717 2474 ad
733 2416 810 2474 altos

91 2509 218 2568 Deducit
231 2511 379 2584 juvenem,
397 2508 542 2566 Vulcania
555 2527 685 2582 munera,
702 2527 810 2567 currus.

89 2604 202 2660 Aureus
217 2601 279 2660 axis
294 2612 363 2672 erat,
380 2614 460 2661 temo
475 2621 587 2674 aureus,
605 2621 693 2661 aurea
707 2620 841 2661 summae

90 2696 251 2765 Curvatura
265 2707 356 2767 rotae,
372 2695 521 2754 radiomrn
536 2707 691 2771 argenteus
706 2696 800 2768 ordo;

91 2788 145 2846 Per
157 2789 227 2864 juga
241 2788 411 2864 chrysolithi
427 2788 600 2865 positaeque
615 2809 651 2847 ex
666 2788 770 2848 ordine
784 2805 920 2865 gemmae

91 2881 177 2939 Clara
191 2899 363 2957 repercusso
377 2882 542 2941 reddebant
557 2881 669 2940 lumina
683 2882 817 2941 Phoebo.

92 2973 228 3049 Dumque
243 2993 279 3033 ea
292 2974 497 3050 magnanimus
512 2974 668 3033 Phaethon
684 2974 803 3033 miratur
816 2988 952 3051 opusque

92 3065 240 3142 Perspicit,
256 3086 327 3126 ecce
340 3067 409 3143 vigil
425 3066 512 3126 rutilo
527 3067 666 3143 patefecit
681 3070 719 3127 ab
734 3080 800 3127 ortu

92 3159 254 3234 Purpureas
269 3163 382 3219 Aurora
397 3161 473 3219 sores
488 3172 519 3219 et
532 3162 622 3237 plena
636 3179 767 3219 rosarum

90 3252 178 3310 Atria
224 3252 389 3329 Diffugiunt
404 3254 515 3326 stellae,
532 3273 655 3329 quarum
670 3253 789 3329 agmina
803 3250 883 3329 cogit

92 3345 208 3404 Lucifer
222 3356 252 3404 et
265 3346 342 3404 coeli
357 3345 484 3405 statione
499 3346 676 3406 novissimus
691 3346 758 3405 exit
1029 3375 1064 3413 ιι,

91 3439 129 3495 At
144 3449 235 3513 pater,
251 3451 283 3497 ut
299 3449 388 3497 terras
403 3440 606 3515 mundumque
621 3441 778 3499 mbescere
791 3438 866 3499 vidit

92 3531 268 3606 Comuaque
282 3543 432 3591 extremae
446 3533 526 3592 velut
541 3552 717 3592 evanescere
734 3535 848 3605 Lunae,

90 3623 215 3698 Jungere
231 3643 324 3700 equos
339 3624 429 3683 Titan
442 3625 595 3685 velocibus
610 3624 734 3701 imperat
749 3627 852 3684 Horis.

90 3715 177 3789 Jussa
191 3716 265 3776 deae
279 3716 390 3776 celeres
405 3730 558 3796 peragunt,
574 3718 732 3795 ignemque
744 3728 908 3791 vomentes,

92 3809 264 3869 Ambrosiae
279 3829 351 3869 suco
367 3824 488 3884 saturos,
505 3811 696 3887 praesepibus
711 3811 778 3870 altis
1031 3839 1067 3867 ιω

91 3902 305 3978 Quadrupedes
320 3904 441 3977 ducunt,
457 3905 631 3980 adduntque
645 3899 783 3963 sonantia
796 3904 887 3963 frena.

90 3995 167 4052 Tum
181 4007 264 4071 pater
278 4015 330 4055 ora
344 3996 388 4055 sui
404 4016 489 4056 sacro
504 3997 700 4056 medicamine
714 3996 775 4057 nati
855 4016 859 4025 ·

91 4087 221 4165 Contigit
236 4099 266 4148 et
280 4089 399 4166 rapidae
414 4090 485 4151 lecit
498 4089 641 4167 patientia
655 4090 803 4166 flammae,
