2610 4926
234 734 253 790 8
376 762 381 771 ·
569 746 594 790 r.
616 746 717 790 ovrnrr
738 745 873 790 trasonis

235 894 275 952 Et
288 892 374 952 coelo
389 900 479 952 terras
494 891 624 952 ostendit
638 902 668 952 et
682 891 803 952 aethera
816 889 908 952 terris.

235 986 302 1045 Nec
317 983 404 1044 maris
419 984 461 1044 ira
475 996 584 1057 manet,
600 985 757 1061 positoque
771 984 933 1062 tricuspide
949 984 1011 1045 telo

235 1079 352 1137 Mulcet
366 1097 458 1154 aquas
472 1089 569 1138 rector
582 1077 688 1155 pelagi,
704 1096 851 1155 supraque
865 1077 1045 1155 profundum

203 1176 207 1183 '
236 1173 409 1231 Exstantem
424 1182 513 1248 atque
527 1170 666 1231 humeros
680 1170 784 1231 innato
798 1170 909 1231 murice
923 1180 1036 1231 tectum

234 1265 412 1325 Caeruleum
426 1264 552 1323 Tritona
564 1275 660 1337 vocat,
676 1264 869 1341 conchaeque
883 1262 1004 1324 sonanti

235 1357 383 1435 Inspirare
395 1359 481 1434 jubet
494 1357 661 1432 fluctusque
676 1367 707 1416 et
719 1356 842 1416 flumina
855 1355 941 1435 signo

233 1453 302 1527 Jam
316 1469 456 1526 revocare
470 1451 549 1510 dato.
592 1451 676 1511 Cava
689 1448 817 1509 buccina
830 1448 956 1508 sumitur
968 1447 1012 1508 illi

234 1542 365 1617 Tortilis,
381 1543 411 1603 in
426 1544 518 1603 latum
533 1561 610 1619 quae
624 1541 740 1602 turbine
754 1541 860 1602 crescit
873 1543 912 1601 ab
927 1541 997 1614 imo,

235 1636 375 1710 Buccina,
391 1654 467 1713 quae
481 1635 582 1695 medio
596 1634 736 1711 concepit
749 1633 800 1694 ubi
815 1637 884 1693 adra
895 1645 999 1710 ponto,

234 1728 337 1788 Litora
350 1748 425 1788 voce
439 1728 534 1805 replet
547 1729 603 1788 sub
617 1738 742 1803 utroque
755 1725 886 1803 jacentia
900 1726 1033 1787 Phoebo.

234 1822 321 1881 Tunc
336 1839 465 1898 quoque,
480 1832 513 1880 ut
527 1840 580 1880 ora
594 1819 642 1880 dei
656 1819 779 1879 madida
791 1818 921 1879 rorantia
933 1819 1027 1879 barba

235 1913 370 1991 Contigit
384 1926 414 1974 et
428 1912 536 1974 cecinit
548 1915 647 1989 jussos
661 1911 763 1971 inflata
776 1922 921 1988 receptus,
936 1936 939 1941 ·

235 2006 384 2067 Omnibus
398 2007 499 2067 audita
512 2017 559 2067 est
573 2005 683 2066 telluris
698 2016 729 2065 et
742 2003 880 2080 aequoris
892 2003 992 2079 undis,

236 2101 275 2159 Et
289 2099 396 2176 quibus
411 2111 456 2161 est
470 2099 557 2159 undis
572 2098 681 2172 audita,
696 2097 827 2157 coercuit
841 2115 953 2157 omnes

234 2194 303 2269 Jam
317 2211 397 2253 mare
411 2193 480 2253 litus
495 2193 594 2265 habet,
609 2192 714 2268 plenos
728 2189 809 2266 capit
822 2190 923 2250 alveus
937 2208 1049 2265 amnes,

236 2285 373 2345 Flumina
388 2285 544 2345 subsidunt
558 2285 708 2359 collesque
723 2282 802 2343 exire
815 2282 962 2357 videntur,

235 2378 331 2455 Surgit
346 2379 462 2450 humus,
477 2387 613 2437 crescunt
627 2377 694 2436 loca
708 2375 948 2435 decrescentibus
960 2374 1058 2449 undis,

236 2472 367 2548 Postque
382 2470 462 2530 diem
475 2472 596 2547 longam
611 2470 723 2529 nudata
736 2468 892 2528 cacumina
906 2468 996 2528 silvae

236 2564 407 2624 Ostendunt
421 2563 584 2639 limumque
599 2574 701 2623 tenent
715 2561 746 2621 in
761 2561 865 2621 fronde
879 2560 1022 2621 relictum.

277 2656 424 2716 Redditus
439 2656 520 2716 orbis
534 2667 603 2716 erat
646 2656 745 2730 Quem
759 2666 920 2732 postquam
933 2653 1008 2714 vidit
1022 2664 1164 2732 apertum,

236 2751 275 2808 Et
289 2750 438 2808 desolatas
453 2768 538 2825 agere
554 2750 614 2808 alta
628 2747 745 2808 silentia
758 2757 857 2820 terras,

236 2841 403 2902 Deucalion
418 2841 546 2901 lacrimis
561 2832 602 2901 ita
616 2841 758 2919 Pyrrham
772 2842 878 2900 affatur
890 2839 1024 2901 obortis:
1174 2868 1212 2906 aso

236 2936 264 2996 Ο
279 2953 370 3008 soror,
387 2935 414 2994 O
430 2936 549 3010 conjux,
566 2937 593 2996 Ο
609 2934 720 2994 semina
734 2935 797 2994 sola
812 2943 968 3011 superstes,

236 3029 334 3104 Quam
350 3046 508 3087 commune
522 3027 594 3086 mihi
609 3047 702 3105 genus
716 3036 747 3087 et
760 3026 900 3104 patruelis
917 3025 1008 3103 origo,

236 3121 355 3182 Deinde
370 3131 451 3181 torus
463 3120 568 3197 Junxit,
584 3140 664 3181 nunc
678 3120 743 3198 ipsa
757 3119 887 3198 pericula
898 3121 1037 3198 jungunt,

235 3215 401 3287 Terrarum,
417 3233 620 3291 quascumque
634 3214 737 3275 vident
751 3232 875 3273 occasus
889 3224 919 3272 et
933 3225 1024 3285 ortus,

236 3309 302 3367 Nos
317 3308 377 3368 duo
392 3308 610 3367 tutbasumus:
630 3307 765 3384 possedit
781 3317 881 3368 cetera
894 3317 1013 3384 pontus
1176 3333 1213 3372 ³⁵5

237 3402 325 3460 Haec
339 3419 459 3477 quoque
473 3401 571 3460 adhuc
584 3400 663 3461 vitae
678 3419 740 3460 non
754 3411 800 3460 est
814 3400 924 3460 fiducia
936 3409 1056 3458 nostrae

236 3494 327 3554 Certa
342 3493 430 3553 satis:
451 3503 561 3554 terrent
575 3493 664 3553 etiam
679 3512 759 3553 nunc
774 3493 877 3552 nubila
889 3502 1030 3552 mentem

237 3585 318 3661 Quid
333 3585 395 3659 tibi,
412 3585 436 3644 si
451 3585 514 3645 sine
528 3605 577 3646 me
591 3586 659 3647 latis
674 3596 776 3662 erepta
789 3585 902 3658 fuisses,

237 3680 327 3738 Nunc
341 3678 440 3752 animi,
456 3678 633 3752 miseranda,
649 3679 744 3739 foret?
785 3678 856 3752 Quo
870 3677 935 3736 sola
947 3675 1084 3738 timorem

237 3772 325 3831 Ferre
339 3771 431 3831 modo
446 3790 570 3848 posses;
586 3790 647 3848 quo
661 3771 834 3830 consolante
849 3770 988 3830 doleres?
1175 3783 1214 3833 ³⁶0

238 3865 376 3940 Namque
390 3865 592 3941 ego-crede
606 3862 762 3923 mihi—si
775 3873 805 3922 te
820 3859 940 3940 quoque
953 3875 1064 3941 pontus
1081 3863 1211 3937 haberet,

237 3958 282 4017 Te
297 3976 445 4034 sequerer,
459 3959 578 4034 conjux,
593 3968 624 4017 et
637 3975 686 4016 me
700 3974 820 4032 quoque
834 3967 945 4033 pontus
959 3957 1088 4017 haberet

237 4049 266 4109 Ο
280 4050 394 4109 utinam
408 4069 527 4127 possem
541 4051 670 4127 populos
684 4068 818 4126 reparare
832 4049 962 4126 paternis

237 4143 368 4216 Artibus,
378 4154 470 4220 atque
486 4142 600 4203 animas
614 4144 757 4203 formatae
770 4141 925 4203 infundere
939 4146 1051 4203 terrael
