2610 4926
181 757 218 814 92
494 750 520 795 Ρ.
541 750 674 796 vrnorrn
696 750 838 796 nnnouts

181 896 288 976 Spicea
299 897 361 974 jam
376 896 489 974 campis
503 916 595 974 quum
610 896 713 957 messis
728 897 879 970 inhorruit,
895 906 926 958 et
939 914 1034 975 quum

181 992 341 1050 Frumenta
354 989 385 1048 in
398 989 484 1050 viridi
498 991 607 1066 stipula
620 990 760 1050 lactentia
774 993 911 1068 turgent?

182 1085 278 1160 Saepe
293 1102 358 1160 ego,
374 1102 466 1159 quum
480 1083 564 1143 flavis
577 1102 739 1144 messorem
753 1083 906 1144 induceret
920 1083 997 1145 arvis

181 1177 321 1254 Agricola
334 1187 364 1236 et
378 1175 470 1254 fragili
483 1178 546 1252 jam
560 1175 714 1254 stringeret
727 1176 841 1237 hordea
854 1178 964 1251 culmo,

181 1269 292 1331 Omnia
306 1279 462 1329 ventorum
475 1286 650 1329 concurrere
664 1268 777 1346 proelia
790 1268 860 1343 vidi,

181 1363 268 1438 Quae
281 1361 433 1439 gravidam
446 1362 506 1421 late
520 1372 651 1439 segetem
666 1363 704 1422 ab
719 1361 867 1423 radicibus
881 1361 949 1423 imis

180 1455 344 1515 Sublimem
359 1455 511 1531 expulsam
526 1465 660 1515 eruerent
672 1477 681 1530 ;
700 1454 742 1515 ita
755 1455 873 1515 turbine
887 1455 972 1533 nigro

181 1550 282 1608 Ferret
296 1547 391 1607 hiems
405 1549 595 1624 culmumque
610 1549 705 1608 levem
720 1547 901 1625 stipulasque
914 1549 1058 1611 volantes

182 1643 279 1717 Saepe
294 1640 383 1703 etiam
397 1640 575 1701 immensum
589 1642 677 1701 coelo
691 1640 771 1701 venit
786 1659 892 1718 agmen
907 1660 1060 1719 aquarum,

182 1736 221 1794 Et
236 1735 356 1794 foedam
370 1735 535 1810 glomerant
549 1744 755 1812 tempestatem
771 1734 913 1795 imbribus
928 1733 998 1795 atris

182 1829 335 1889 Collectae
350 1846 386 1887 ex
400 1828 461 1888 alto
474 1829 589 1902 nubes,
609 1827 667 1888 ruit
683 1828 791 1887 arduus
805 1829 915 1904 aether,

74 1988 77 1993 ,
182 1923 221 1981 Et
235 1919 335 1997 pluvia
348 1919 460 1997 ingenti
474 1930 539 1981 sata
552 1921 630 1980 laeta
642 1922 795 1997 boumque
809 1921 926 1982 labores

182 2013 296 2087 Diluit;
317 2013 476 2091 implentur
489 2014 594 2086 fossae,
610 2024 641 2073 et
655 2032 728 2073 cava
741 2013 863 2073 flumina
877 2024 1014 2076 crescunt

182 2109 259 2168 Cum
274 2107 382 2181 sonitu,
398 2106 549 2183 fervetque
563 2105 644 2166 fretis
659 2105 838 2184 spirantibus
851 2125 971 2184 aequor.

182 2203 253 2277 Ipse
268 2202 355 2261 Pater
369 2199 467 2260 media
481 2199 651 2259 nimborum
665 2198 695 2258 in
710 2213 799 2261 nocte
812 2218 938 2261 corusca

182 2292 320 2352 Fubnina
334 2292 452 2352 molitur
466 2293 588 2363 dextra3
607 2311 668 2368 quo
681 2292 811 2352 maxima
824 2306 908 2353 motu

181 2388 274 2445 Terra
288 2386 394 2458 tremit,
411 2387 509 2462 sugere
525 2385 611 2457 serae,
628 2395 657 2444 et
672 2386 807 2445 mortalia
820 2388 912 2447 corda

182 2480 239 2538 Per
252 2490 356 2555 gentes
371 2478 489 2538 humilis
504 2478 604 2537 stravit
619 2497 730 2555 pavor;
751 2479 799 2538 ille
814 2479 947 2555 flagranti

181 2574 242 2631 Aut
257 2572 369 2645 Athon,
386 2584 436 2632 aut
452 2571 632 2647 Rhodopen,
649 2581 698 2631 aut
714 2573 773 2630 alta
788 2572 936 2632 Ceraunia
950 2573 1013 2633 telo

182 2664 312 2740 Dejicit;
333 2664 516 2741 ingeminant
530 2664 620 2724 austri
635 2675 664 2724 et
679 2665 870 2725 densissimus
885 2665 998 2741 imber;

182 2759 272 2818 Nunc
286 2777 409 2817 nemora
422 2758 535 2835 ingenti
549 2768 647 2831 ventu,
663 2777 743 2817 nunc
758 2758 844 2818 litora
857 2761 1011 2838 plangunt.

183 2853 254 2910 Hoc
269 2863 411 2924 metuens,
428 2851 504 2910 coeli
519 2870 637 2910 menses
651 2860 681 2910 et
695 2851 793 2911 sidera
806 2870 897 2926 serva,

123 2995 130 3003 .
182 2944 300 3021 Frigida
314 2944 429 3004 Saturni
445 2963 510 3004 sese
525 2964 586 3020 quo
600 2945 685 3004 stella
699 2955 838 3021 receptet,

182 3038 267 3113 Quos
281 3036 358 3114 ignis
373 3036 448 3096 coeli
465 3037 616 3114 Cyllenius
631 3049 706 3097 erret
721 3037 751 3096 in
766 3040 860 3097 orbes.

182 3133 218 3190 In
235 3130 335 3207 primis
349 3149 488 3190 venerare
503 3130 585 3204 deos,
602 3142 691 3206 atque
706 3149 804 3189 annua
818 3149 944 3207 maguae

181 3226 269 3285 Sacra
283 3225 358 3283 reser
373 3223 473 3284 Cereri
487 3223 571 3283 laetis
586 3234 723 3300 operatus
738 3222 767 3281 in
783 3223 890 3296 herbis,

182 3319 338 3376 Extremae
354 3319 408 3376 sub
423 3336 525 3376 casum
540 3316 654 3388 hiemis,
668 3318 730 3392 jam
744 3336 812 3376 vere
827 3334 941 3376 sereno

180 3411 260 3468 Tum
275 3409 399 3486 pingues
414 3409 490 3486 agni,
507 3418 537 3468 et
552 3420 616 3468 tum
631 3408 805 3469 mollissima
819 3410 907 3482 vina;

181 3504 260 3561 Tum
275 3502 371 3562 somni
386 3502 489 3561 dulces
503 3502 673 3577 densaeque
689 3502 718 3559 in
733 3501 885 3561 montibus
900 3503 1030 3564 umbrae.

182 3597 300 3655 Cuncta
314 3594 367 3654 tibi
383 3597 522 3654 Cererem
538 3596 632 3670 pubes
647 3593 768 3669 agrestis
783 3595 894 3668 adoret,

182 3687 239 3747 Cui
254 3698 285 3746 tu
300 3689 376 3747 lacte
391 3688 473 3746 savos
488 3696 517 3745 et
532 3686 596 3745 miti
611 3686 690 3744 dilue
707 3686 834 3758 Bacch0,

181 3782 300 3856 Terque
314 3798 408 3838 novas
422 3779 531 3839 circum
547 3778 615 3836 felix
631 3788 678 3835 eat
693 3775 790 3835 hostia
804 3778 908 3854 fruges,

181 3873 289 3933 Omnis
304 3890 393 3948 quarn
408 3872 515 3931 chorus
530 3881 559 3929 et
575 3869 647 3928 socii
662 3868 840 3928 comitentur
854 3883 987 3948 ovantes,

182 3968 221 4026 Et
236 3967 374 4026 Cererem
389 3965 518 4023 clamore
533 3974 641 4021 vocent
655 3961 685 4020 in
700 3973 798 4035 tecta;
818 3982 915 4039 neque
931 3978 1000 4028 ante

182 4060 303 4118 Falcem
319 4056 439 4116 maturis
454 4055 610 4133 quisquam
626 4066 774 4131 supponat
788 4054 890 4127 aristis,

183 4154 282 4229 Quam
298 4150 398 4212 Cereri
412 4160 488 4210 torta
501 4148 653 4209 redimitus
667 4160 802 4224 tempora
816 4167 926 4223 quercu
