2610 4926
401 696 690 740 ammonemus
714 697 754 741 1v.
1029 702 1065 759 33

93 842 228 921 Tempus,
244 845 327 916 Atla,
341 843 450 917 veniet,
466 854 517 902 tua
531 863 591 920 quo
606 843 781 921 spoliabitur
794 862 866 903 auro

93 939 186 996 Arbor
194 961 204 1012 ;
224 949 254 996 et
267 938 351 996 bunc
365 937 493 1014 praedae
508 937 624 997 titulum
638 938 720 1013 Jove·
729 948 816 996 natus
830 935 960 997 habebit
1029 956 1067 1006 ⁶⁴⁵

94 1030 128 1088 Id
142 1041 285 1103 metuens,
300 1030 405 1089 solidis
419 1031 553 1107 pomaria
566 1031 711 1089 clauserat
726 1031 811 1089 Atlas

93 1122 250 1183 Moenibus
265 1135 296 1183 et
310 1134 396 1182 vasto
410 1124 533 1182 dederat
547 1124 692 1182 servanda
705 1122 837 1197 draconi,

93 1217 281 1293 Arcebatque
293 1216 356 1275 suis
371 1227 509 1275 externos
522 1216 632 1276 finibus
647 1234 758 1275 omnes.
854 1287 860 1299 ¹

92 1309 170 1368 Huic
184 1329 315 1386 quoque,
331 1310 418 1368 Vade
432 1310 544 1386 procul,
559 1329 598 1368 ne
613 1310 701 1385 longe
715 1309 809 1385 gloria
822 1328 926 1384 rerum,

92 1402 171 1476 Quas
184 1403 327 1476 mentiris,
343 1402 393 1477 ait,
409 1402 496 1479 longe
512 1402 566 1461 tibi
580 1402 695 1478 Jupiter
709 1401 803 1460 absitl
1030 1422 1068 1471 ορ

92 1494 218 1572 Vimque
233 1495 323 1555 minis
336 1496 428 1568 addit,
445 1494 641 1571 manibusque
656 1495 802 1572 expellere
817 1504 912 1556 tentat
972 1568 976 1575 1

93 1581 292 1649 Cunctantem
306 1601 337 1649 et
351 1589 475 1666 placidis
489 1588 664 1648 miscentem
679 1589 766 1648 sortia
780 1587 874 1647 dictis.

91 1681 211 1741 Viribus
226 1668 468 1759 inferior-quis
483 1682 563 1742 enim
578 1701 632 1759 par
645 1693 723 1741 esset
737 1681 852 1741 Atlanti

91 1773 277 1834 Viribus3-
287 1778 328 1834 At
342 1775 483 1852 quoniam
498 1775 582 1852 parvi
600 1774 762 1851 tibigratia
776 1784 878 1834 nostra
892 1785 945 1849 est,

91 1866 202 1944 Accipe
217 1875 342 1928 munus!
365 1869 413 1942 ait,
428 1871 572 1946 laevaque
587 1888 605 1928 a
619 1882 702 1947 parte
722 1868 868 1927 Medusae
1029 1887 1067 1938 a„

91 1960 157 2035 Ipse
171 1972 353 2020 retroversus
367 1963 532 2038 squalentia
546 1963 667 2040 protulit
682 1981 742 2021 ora

90 2051 226 2125 Quantus
240 2064 312 2127 erat,
327 2074 415 2114 mons
429 2055 524 2115 factus
539 2057 644 2116 Atlas:
664 2075 735 2115 nam
754 2056 848 2114 barba
862 2072 1026 2133 comaeque

91 2145 125 2202 In
139 2145 229 2205 silvas
243 2148 375 2222 abeunt3
394 2150 466 2226 juga
480 2161 548 2208 sunt
562 2150 737 2226 humerique
751 2166 937 2224 manusque,

89 2237 177 2311 Quod
193 2251 284 2316 caput
298 2252 367 2300 ante
382 2242 444 2315 suit,
460 2261 577 2302 summo
592 2255 636 2303 est
651 2243 681 2301 in
697 2256 799 2302 monte
815 2261 980 2318 cacumen;

91 2331 165 2390 Ossa
178 2333 254 2409 lapis
268 2335 362 2407 fiunt;
382 2346 444 2393 tum
459 2346 557 2411 partes
572 2347 675 2395 auctus
690 2335 719 2394 in
735 2355 840 2396 omnes
1030 2355 1068 2395 ⁶⁶0
1100 2402 1104 2411 ,

92 2425 187 2483 Crevit
202 2426 232 2483 in
248 2426 525 2487 immensum-sic
541 2428 580 2486 Di
596 2429 737 2488 statuistis
748 2442 828 2490 -et
842 2449 933 2490 omne

92 2519 165 2576 Cum
181 2529 225 2577 tot
240 2519 385 2578 sideribus
401 2522 516 2579 coelum
526 2522 674 2598 'requievit
689 2522 718 2581 in
734 2521 793 2582 illo.

129 2612 283 2671 Clauserat
298 2612 489 2688 Hippotades
503 2626 624 2674 aeterno
639 2635 756 2674 carcere
770 2626 885 2691 ventos,

93 2703 328 2787 Admonitorque
343 2724 465 2781 operum
479 2709 565 2766 coelo
580 2708 758 2768 clarissimus
773 2711 833 2769 alto

93 2796 206 2855 Lucifer
219 2810 301 2856 onus
316 2809 396 2857 erat:
416 2798 521 2875 pennis
536 2800 607 2878 ligat
622 2801 671 2860 ille
686 2802 822 2861 resumtis
1030 2820 1067 2868 ⁶⁶⁵

94 2889 174 2949 Parte
188 2892 227 2950 ab
243 2902 366 2967 utraque
381 2893 481 2967 pedes,
498 2894 617 2970 teloque
632 2895 794 2971 accingitur
815 2914 903 2970 unco,

95 2982 129 3040 Et
143 2983 286 3058 liquidum
303 2984 390 3043 motis
405 2987 543 3045 talaribus
559 2993 625 3046 adra
639 2988 732 3047 findit

94 3076 234 3135 Gentibus
249 3076 410 3136 innumeris
425 3078 594 3155 circumque
609 3080 741 3156 infraque
756 3081 874 3155 relictis,

94 3169 272 3245 Aethiopum
287 3172 415 3246 populos
431 3173 613 3249 Cepheaque
629 3174 776 3250 conspicit
791 3194 868 3234 arva.
925 3174 928 3180 ’

95 3261 153 3320 lllic
168 3261 344 3321 immeritam
359 3275 508 3324 maternae
523 3267 652 3341 pendere
668 3267 785 3343 linguae
1029 3284 1067 3331 ⁶70

94 3355 301 3414 Andromeden
317 3348 429 3439 poenas
448 3357 573 3433 injustus
587 3361 712 3434 jusserat
729 3362 892 3420 Hammon.

93 3447 186 3520 Quam
201 3448 287 3507 simul
304 3449 341 3508 ad
357 3449 444 3508 duras
458 3451 611 3527 religatam
626 3453 747 3512 brachia
762 3464 863 3512 cautes

93 3540 171 3598 Vidit
184 3543 377 3613 Abantiades,
388 3578 428 3586 -
437 3543 492 3602 nisi
507 3545 589 3620 quod
607 3546 680 3605 levis
695 3566 764 3606 aura
779 3546 904 3625 capillos

94 3631 232 3706 Moverat,
249 3645 278 3707 et
294 3635 409 3710 trepido
424 3639 585 3696 manabant
601 3639 712 3696 lumina
727 3640 807 3711 fletu,

93 3723 287 3785 Marmoreum
302 3739 383 3786 ratus
397 3739 474 3787 esset
489 3748 613 3805 opus-
622 3731 710 3790 trahit
724 3731 834 3790 inscius
849 3732 933 3809 ignes

94 3817 126 3874 Et
140 3830 246 3894 stupet,
262 3831 301 3892 et,
317 3819 398 3879 visae
413 3834 564 3898 correptus
579 3822 706 3899 imagine
721 3824 842 3897 formae,

92 3909 186 3969 Paene
201 3931 267 3971 suas
280 3924 400 3989 quatere
416 3925 461 3972 est
475 3915 585 3974 oblitus
599 3915 629 3974 in
645 3923 710 3975 aere
726 3936 847 3993 pennas.

91 4002 129 4061 Ut
143 4005 231 4076 stetit,
248 4006 285 4079 O,
302 4006 385 4078 dixit,
401 4026 462 4066 non
478 4008 541 4066 istis
552 4008 642 4084 digna
656 4010 776 4083 catenis,

88 4096 142 4156 Sed
157 4097 264 4174 quibus
279 4098 358 4158 inter
371 4118 403 4159 se
417 4099 518 4177 cupidi
537 4103 699 4179 junguntur
718 4114 861 4177 amantes,

285 4204 298 4241 a
