2610 4926
515 424 675 470 smarnos
696 426 755 471 ua
775 427 808 470 11.
1096 435 1152 493 ¹39

189 547 306 628 1³21ng
316 566 431 629 auxiliis
445 587 568 647 semper
579 569 668 631 stetit.
712 570 826 648 Impius
840 590 877 632 ex
891 591 953 649 quo

186 640 307 731 Tydides
317 662 371 722 sed
384 654 689 740 enim'sceterumque
703 664 839 725 inventor
853 666 967 742 Ulixes,

186 734 280 814 Fitale
291 754 416 832 aggressi
431 765 548 815 sacrato
562 757 689 817 avellere
703 759 816 834 templo
1114 777 1153 831 aa,

183 827 346 922 Palladium,
361 849 458 909 caesis
473 867 606 909 summae
620 850 795 911 custodibus
809 850 893 925 arcis,

181 927 347 1019 Corripuere
361 960 477 1003 sacram
492 943 629 1020 effigiem,
644 943 840 1021 manibusque
854 941 982 1007 cruentis

178 1016 325 1111 Vrgines
339 1035 404 1095 ausi
419 1035 506 1094 divae
520 1035 693 1112 contingere
707 1035 803 1110 vittas,

176 1110 221 1181 ΕΙ
231 1127 280 1188 illo
294 1127 387 1188 fluere
400 1145 438 1188 ac
450 1140 530 1187 retro
544 1128 684 1204 sublapsa
697 1128 796 1189 referri

168 1205 241 1288 Spes
256 1222 407 1293 Danaum,
421 1220 532 1280 fractae
546 1219 631 1292 vires,
647 1239 751 1280 aversa
765 1220 839 1281 deae
853 1240 946 1283 mena.
1113 1251 1152 1290 ῳ

166 1296 232 1373 lue
245 1311 348 1373 aubia
361 1330 399 1373 ea
411 1312 497 1388 signa
510 1312 593 1373 aean
606 1311 743 1373 Tritonia
756 1313 903 1374 monstris

164 1390 223 1466 Vtx
236 1407 371 1487 positum
385 1406 489 1467 caseis
500 1406 712 1476 simulacrum:
731 1425 828 1467 arsere
843 1425 984 1468 coruscae

162 1484 346 1563 luminibus
359 1499 496 1565 flammm
510 1499 639 1573 arrectis,
655 1499 810 1576 salsusque
825 1519 879 1576 per
892 1513 971 1581 artus

161 1581 263 1653 &dor
277 1591 321 1666 iit,
337 1592 521 1669 terque‘ipsa
534 1593 600 1653 solo
608 1626 649 1636 —
657 1592 792 1652 mirabile
806 1592 888 1652 dictu
896 1626 937 1636 -

162 1673 307 1759 hinnit
324 1703 519 1761 parmamque
532 1685 631 1745 serens
646 1685 821 1761 hastamque
835 1694 1019 1746 trementem.
1111 1712 1150 1756 us

162 1767 332 1854 Extemplo
346 1776 490 1837 tentanda
502 1777 571 1854 luga
584 1777 664 1838 canit
678 1796 809 1855 aequora
823 1777 959 1852 Calchas,

159 1861 232 1932 Nec
246 1888 342 1949 posse
357 1868 504 1947 Argolicis
517 1870 652 1931 exscindi
668 1873 812 1947 Pergama
826 1870 901 1943 telis,

158 1956 281 2023 Omina
293 1961 328 2021 ni
344 1972 481 2039 repetant
495 1961 590 2040 Argis,
605 1982 775 2040 numenque
788 1964 941 2037 reducant,

160 2052 263 2131 Quod
276 2055 386 2134 pelago
399 2066 430 2117 et
442 2054 540 2114 curvis
552 2075 654 2116 secum
669 2074 793 2117 avexere
806 2055 920 2116 carinis

161 2142 313 2222 Etcum,
329 2148 411 2225 quod
425 2147 536 2226 patrias
549 2160 640 2209 vento
654 2149 765 2226 petiere
781 2150 933 2227 Mycenas,
1111 2166 1150 2209 ιιι

164 2241 265 2302 Arma
278 2241 414 2318 deosque
428 2253 532 2319 parant
545 2241 678 2315 comites,
694 2243 860 2320 pelagoque
875 2259 1012 2304 remenso

164 2330 332 2412 Imprmrisi
346 2334 479 2394 aderunt
524 2336 572 2394 Ita
585 2333 690 2411 digerit
704 2335 805 2394 omina
819 2335 955 2396 Calchas.

166 2423 263 2488 Hanc
276 2447 334 2506 pro
349 2426 482 2487 Palladio
496 2428 610 2501 moniti,
626 2447 681 2504 pro
695 2428 816 2488 numine
830 2428 912 2489 laeso

169 2517 310 2599 ffigiem
324 2532 462 2594 statuere,
477 2523 561 2581 nefas
576 2540 653 2597 quae
667 2520 748 2581 triste
762 2521 863 2598 piaret

170 2611 263 2675 Hanc
277 2628 378 2674 tamen
394 2613 568 2674 immensam
584 2615 712 2675 Calchas
726 2616 860 2675 attollere
875 2616 985 2677 molem
1112 2630 1149 2683 ua

173 2705 346 2768 Roboribus
360 2698 448 2766 textis
462 2709 607 2783 coeloque
621 2709 748 2769 educere
760 2709 856 2788 jussit,

175 2799 222 2859 Ne
235 2799 326 2876 recipi
343 2799 443 2876 portis,
458 2811 508 2859 aut
523 2800 590 2860 duci
605 2800 636 2859 in
651 2802 769 2862 moenia
783 2801 887 2878 possit,

178 2892 241 2951 Neu
255 2894 400 2970 populum
414 2893 536 2969 antiqua
550 2895 604 2953 sub
620 2894 759 2972 religione
774 2894 856 2955 tueri.

180 2984 252 3044 llam
266 2985 291 3044 si
306 2998 404 3045 vestra
416 3005 521 3045 manus
535 2986 674 3048 violasset
688 2989 769 3049 dona
784 2987 946 3059 Minervae,

182 3075 250 3136 Tum
265 3097 405 3155 magnum
419 3079 680 3155 exitium-quod
695 3081 724 3139 di
740 3080 819 3157 prius
832 3098 922 3139 omen
936 3078 966 3138 in
980 3077 1077 3156 ipsum
1113 3108 1150 3150 ιφ

184 3168 357 3230 Convertant
368 3176 425 3231 l·—
435 3170 541 3231 Priami
556 3172 680 3251 imperio
696 3174 919 3251 Phrygibusque
934 3173 1081 3250 suturum3

185 3259 226 3320 Sin
239 3264 375 3323 manibus
388 3264 492 3324 vestris
505 3275 632 3326 vestram
648 3266 830 3326 ascendisset
844 3266 874 3324 in
890 3266 1001 3341 urbem,

184 3349 263 3414 Ultro
276 3355 381 3416 Asiam
395 3376 505 3434 magno
520 3360 651 3435 Pelopea
665 3359 703 3417 ad
718 3359 837 3418 moenia
850 3359 931 3419 bello

185 3443 344 3520 Venturam,
360 3461 391 3510 et
404 3463 524 3511 nostros
538 3471 575 3511 ea
590 3453 648 3511 lata
662 3470 781 3511 manere
796 3463 928 3528 nepotes

217 3540 337 3602 Talibus
351 3543 466 3602 insidiis
480 3544 647 3620 perjurique
662 3556 723 3605 arte
738 3544 856 3604 Sinonis
1113 3572 1149 3612 aaa

186 3630 296 3694 Credita
309 3654 365 3708 res,
379 3636 520 3712 captique
534 3637 611 3697 dolis
625 3636 811 3714 lacrimisque
825 3636 945 3712 coactis,

184 3722 260 3797 Quos
273 3747 372 3804 neque
386 3718 528 3806 Tydides,
544 3748 600 3788 nec
616 3728 786 3789 Larissaeus
801 3731 942 3804 Achilles,

184 3815 248 3878 Non
261 3819 331 3879 anni
345 3821 487 3881 domuere
502 3822 616 3899 decern,
632 3840 693 3882 non
707 3822 787 3882 mille
800 3824 926 3883 carinae
