2610 4926
69 738 77 751 '
172 736 228 778 110
483 734 509 777 Ρ.
529 733 662 777 VIRGlLll
684 733 827 778 Manoms

168 877 302 955 Navigiis
316 877 411 955 pinos,
427 877 565 938 domibus
579 879 760 955 cedrumque
775 869 993 955 cupressosque
1001 897 1013 953 3

168 971 251 1031 Hinc
264 971 362 1057 radios
376 970 480 1031 trivere
494 971 574 1044 rotis,
590 971 659 1030 hinc
673 983 814 1048 tympana
828 969 966 1047 plaustris

167 1065 331 1142 Agricolae,
347 1074 377 1123 et
392 1065 506 1140 pandas
521 1065 632 1124 ratibus
647 1083 771 1141 posuere
785 1063 920 1138 carium

166 1156 336 1216 Viminibus
351 1157 456 1216 salices
470 1158 624 1230 secundae,
639 1157 794 1217 frondibus
808 1157 890 1231 ulmi,

167 1252 209 1309 At
223 1261 334 1326 myrtus
348 1249 452 1308 validis
466 1249 620 1309 hastilibus
634 1258 665 1309 et
678 1251 759 1310 bona
772 1251 853 1310 bello

167 1343 304 1416 Cornus,
325 1344 459 1402 Ituraeos
473 1342 533 1402 taxi
547 1353 722 1419 torquentur
735 1342 765 1401 iu
780 1362 885 1418 arcus3

166 1438 233 1496 Nec
248 1435 328 1495 tiliae
343 1436 423 1495 leves
438 1445 488 1495 aut
501 1446 589 1494 torno
602 1435 688 1495 rasile
703 1438 814 1496 buxum

167 1522 238 1589 Non
253 1530 377 1588 sormam
392 1528 541 1605 accipiunt
554 1529 690 1605 ferroque
704 1540 846 1588 cavantur
858 1539 968 1605 acut03

133 1608 138 1617 ’
167 1623 233 1682 Nec
247 1641 308 1681 non
324 1634 353 1681 et
368 1631 526 1683 torrentem
541 1622 652 1687 undam
667 1616 740 1682 levis
754 1622 867 1682 innatat
881 1623 977 1696 alnus,

167 1714 264 1774 Missa
276 1713 380 1786 Pado,
400 1733 456 1774 nec
470 1732 532 1773 non
546 1726 577 1775 et
591 1734 663 1791 apes
677 1715 814 1774 examina
827 1716 963 1775 condunt

166 1807 393 1883 Corticibusque
407 1808 487 1867 cavis
500 1807 684 1883 vitiosaeque
698 1808 773 1868 ilicis
787 1808 881 1868 alveo.

166 1900 248 1976 Quid
263 1901 489 1960 memorandum
503 1920 599 1978 aeque
614 1900 760 1960 Baccheia
774 1901 854 1984 dona
868 1900 1017 1960 tulerunt?

139 2036 144 2045 ·
166 1994 301 2054 Bacchus
316 2004 345 2053 et
359 1993 397 2052 ad
412 1995 531 2070 culpam
545 2012 665 2053 caussas
679 1988 780 2054 dedit:
801 1993 851 2053 ille
864 1994 996 2053 furentes

166 2088 334 2148 Centauros
349 2086 410 2145 leto
424 2086 548 2159 domuit,
564 2087 776 2163 Rhoetumque
791 2086 979 2163 Pholumque

166 2181 205 2239 Et
219 2197 328 2255 magno
344 2180 494 2256 Hylaeum
509 2178 643 2256 Lapithis
652 2189 769 2239 cratere
783 2179 955 2238 minantem

206 2274 234 2333 O
250 2273 413 2331 fortunatos
427 2270 559 2345 nimium,
575 2290 628 2331 sua
641 2271 667 2331 si
682 2273 762 2331 bona
776 2271 883 2342 norint,
925 2288 930 2297 ·

165 2365 327 2442 Agricolas,
344 2364 452 2440 quibus
467 2364 538 2441 ipsa,
555 2366 656 2441 procul
672 2365 858 2423 discordibus
872 2363 969 2437 armis,

166 2458 276 2518 Fundit
291 2458 382 2516 humo
398 2458 512 2517 facilem
528 2458 638 2516 victum
651 2458 814 2534 justissima
828 2458 932 2516 tellus!

165 2550 269 2610 Sinon
286 2549 435 2627 ingentem
451 2550 562 2610 loribus
577 2551 684 2610 domus
700 2553 759 2610 alta
773 2550 908 2626 superbis

165 2644 258 2702 Mane
273 2643 452 2703 salutantum
467 2644 536 2703 totis
550 2643 642 2702 vomit
657 2643 780 2703 aedibus
795 2644 914 2716 undam,

165 2736 231 2796 Nec
245 2735 342 2795 varios
357 2736 470 2795 inhiant
484 2737 606 2812 pulchra
620 2726 767 2796 testudine
783 2748 892 2812 postes,

165 2828 331 2904 Illusasque
345 2848 417 2888 auro
431 2841 535 2902 vestes,
553 2831 760 2907 Ephyreiaque
774 2848 851 2902 aera,
940 2832 943 2839 '

165 2923 245 2981 Alba
259 2941 356 2999 neque
372 2923 494 2999 Assyrio
508 2923 624 2982 fucatur
638 2924 707 2982 lana
721 2941 845 2995 venen0,

165 3016 230 3076 Nec
244 3014 325 3074 casia
338 3014 440 3092 liquidi
456 3017 651 3092 corrumpitur
664 3035 734 3074 usus
749 3015 838 3074 olivi:

163 3110 205 3166 At
219 3127 321 3167 secura
336 3108 419 3184 quies
434 3119 463 3168 et
477 3108 578 3169 nescia
592 3111 691 3168 fallere
704 3109 773 3180 vita,

165 3201 257 3260 Dives
271 3220 362 3278 opum
377 3201 529 3274 variarum,
545 3213 575 3261 at
590 3202 655 3261 latis
669 3201 731 3260 otia
745 3199 850 3273 lundis,

163 3295 338 3369 Speluncae,
355 3294 472 3370 vivique
486 3295 576 3366 lacus,
592 3306 621 3354 at
636 3294 739 3371 frigida
754 3296 877 3369 Tempe,

164 3387 358 3463 Mugitusque
373 3388 473 3458 boum,
490 3387 655 3463 mollesque
669 3389 724 3446 sub
739 3389 843 3446 arbore
858 3385 956 3445 somni

164 3479 234 3537 Non
250 3481 376 3553 absunt;
397 3479 456 3537 illic
471 3480 562 3538 saltus
576 3499 611 3539 ac
626 3480 716 3538 lustra
730 3481 863 3552 serarum,
949 3551 952 3557 ἢ

164 3572 203 3630 Et
217 3571 332 3647 patiens
346 3591 469 3647 operum
484 3572 649 3649 exiguoque
664 3574 788 3631 adsueta
799 3575 947 3648 juventus,

162 3664 251 3723 Sacra
266 3660 363 3735 deum,
380 3664 534 3741 sanctique
549 3677 666 3742 patres;
688 3676 819 3724 extrema
832 3684 885 3742 per
898 3664 965 3724 illos

161 3756 281 3834 Justitia
295 3757 442 3817 excedens
456 3759 538 3817 terris
552 3757 674 3833 vestigia
689 3757 765 3817 lecit

204 3851 256 3908 Mc
271 3869 341 3909 vero
355 3850 482 3927 primum
498 3850 600 3923 dulces
614 3860 683 3908 ante
698 3850 798 3908 omnia
814 3852 930 3925 Musae,

162 3943 296 4017 Quarum
311 3963 392 4002 sacra
407 3945 470 4009 fero
485 3941 596 4020 ingenti
611 3961 767 4018 percussus
782 3962 891 4015 amore,

163 4035 329 4113 Accipiant,
345 4037 488 4112 coelique·
495 4036 557 4094 vias
572 4047 602 4094 et
616 4034 711 4094 sidera
727 4046 898 4110 monstrent,

164 4131 307 4190 Defectus
321 4129 392 4190 solis
406 4128 511 4202 varios,
527 4127 674 4205 lunaeque
688 4130 815 4202 labores,
