2610 4926
161 721 202 794 4⁸
496 731 523 779 r.
546 698 646 779 onon
667 734 801 780 uasours

160 881 281 957 Oraque
295 897 357 940 non
371 879 487 958 pressit,
503 878 561 940 sibi
575 890 735 958 postquam
749 881 871 958 spiritus
885 880 955 942 exit

161 975 249 1033 Haec
262 974 369 1033 frustra
382 973 498 1052 mgiens
512 973 675 1046 collabitur,
691 974 742 1033 illa
756 973 849 1034 sorori

160 1065 351 1140 Immontu13
371 1067 443 1125 latet
455 1066 539 1140 haec,
554 1066 635 1125 illam
650 1067 798 1143 trepidare
812 1067 936 1127 videres

160 1161 277 1235 Sexque
291 1159 369 1218 datis
384 1159 444 1218 leto
458 1156 635 1235 diversaque
649 1161 773 1219 vulnera
786 1159 893 1238 passis,

83 1323 87 1332 ¹
160 1252 277 1312 Ultima
290 1252 438 1326 restabat3
458 1270 548 1327 quam
562 1261 627 1311 toto
639 1270 764 1330 corpore
777 1265 873 1313 mater

160 1346 239 1404 Tota
252 1354 335 1415 veste
350 1354 463 1422 tegens,
479 1343 581 1404 Unam
595 1343 807 1422 minimamque
822 1345 976 1423 relinquet

161 1439 209 1498 De
224 1437 492 1497 multisminimam
505 1455 608 1514 posco,
622 1438 769 1511 clamavit¹
785 1448 817 1498 et
829 1456 928 1498 unam.
966 1451 968 1454 ⁴

161 1533 302 1607 Dumque
316 1539 409 1607 rogat,
424 1548 479 1607 pro
494 1548 553 1606 qua
567 1539 658 1608 rogat,
674 1529 792 1590 occidit
835 1531 919 1591 Orba
932 1528 1046 1592 resedit

162 1623 322 1683 Exanimes
337 1622 413 1682 inter
427 1633 514 1682 natos
528 1631 673 1699 natasque
687 1623 849 1700 virumque,

161 1716 349 1794 Diriguitque
362 1715 449 1775 malis
463 1738 469 1774 :
489 1715 587 1775 nullos
602 1725 703 1776 movet
715 1735 787 1776 aura
800 1714 934 1794 capillos,

161 1811 199 1868 In
213 1809 296 1868 vultu
310 1808 393 1867 color
406 1819 453 1869 est
467 1808 531 1868 sine
545 1807 699 1887 sanguine,
714 1808 827 1868 lumina
842 1808 966 1870 maestis

162 1903 248 1962 Stant
262 1900 384 1960 immota
398 1901 491 1980 genis,
507 1901 580 1961 nihil
594 1911 642 1961 est
655 1901 685 1961 in
700 1895 829 1980 imagine
842 1902 950 1962 vivum

162 1995 234 2071 Ipsa
248 2013 367 2071 quoque
381 1992 504 2054 interius
518 2013 587 2057 cum
600 1994 674 2054 duro
689 1995 791 2073 lingua
803 1995 905 2072 palato

161 2086 318 2165 Congelat,
334 2097 364 2147 et
377 2105 472 2147 venae
485 2087 634 2147 desistunt
648 2105 737 2164 posse
751 2088 864 2147 moveri
875 2109 884 2161 ;

161 2181 227 2239 Nec
242 2179 321 2239 flecti
335 2181 442 2253 cervix,
457 2197 514 2239 nec
523 2170 651 2239 bracliia
664 2180 789 2239 reddere
802 2191 912 2257 gestus,

161 2273 228 2332 Nec
242 2291 295 2349 pes
311 2273 351 2332 ire
365 2282 485 2350 potest3
505 2271 582 2331 intra
597 2290 716 2348 quoque
730 2272 844 2332 viscera
858 2291 961 2332 saxum
974 2283 1029 2334 est

161 2365 186 2423 F
187 2365 228 2424 let
242 2375 351 2439 tamen,
367 2375 398 2425 et
411 2365 501 2424 validi
515 2365 698 2424 circumdata
711 2367 828 2425 turbine
842 2367 925 2425 ve‘nti

161 2459 199 2516 In
214 2457 338 2534 patriam
353 2468 437 2536 rapta
451 2467 517 2517 est:
536 2458 588 2516 ubi
601 2458 660 2516 fixa
673 2458 826 2517 cacumine
841 2459 950 2518 montis

160 2549 306 2627 liquitur,
322 2561 352 2611 et
366 2549 502 2611 lacriuias
515 2550 605 2610 etiam
619 2569 698 2610 nunc
712 2569 859 2611 marmora
873 2559 1002 2612 manant.

280 2684 299 2723 t
460 2683 479 2719 1
640 2684 658 2719 Ι
818 2684 837 2723 ὓ
996 2684 1015 2723 ὓ

504 3016 790 3095 srssuvrrr.

278 3212 297 3251 1
419 3252 421 3257 ,
457 3214 475 3250 Ι
635 3215 653 3251 fl
813 3211 832 3250 1
990 3213 1009 3249 fl

161 3296 334 3355 Dastracus
348 3294 462 3355 interea
475 3295 586 3354 Creten
600 3295 783 3371 longumque
797 3295 921 3371 perosus

161 3388 298 3461 Exilium,
314 3399 469 3466 tactusque
484 3388 540 3447 soli
554 3388 660 3447 natalis
674 3378 784 3459 ammess

161 3481 289 3542 Clausus
303 3491 365 3541 erat
379 3482 494 3558 pelago.
536 3482 644 3540 Terras
659 3480 737 3552 licet,
753 3478 857 3555 inquit,
873 3490 904 3537 et
916 3478 1013 3540 undas

161 3574 312 3647 Obstruat¹
328 3584 359 3634 at
373 3574 490 3634 coelum
503 3583 583 3632 certe
597 3581 697 3648 patet:
719 3573 829 3630 ibimus
844 3572 929 3631 illael

161 3666 273 3730 Omnia
285 3667 445 3744 possideat,
461 3684 522 3725 non
536 3665 671 3743 possidet
684 3666 753 3722 adra
768 3664 888 3723 Minosl

161 3760 254 3833 Dixit,
270 3769 300 3819 et
314 3754 433 3837 ignotus
447 3759 578 3818 animum
592 3756 714 3815 dimittit
728 3756 759 3813 in
774 3766 861 3830 artes,
988 3833 993 3843 ³

98 3844 101 3851 ’
162 3854 367 3928 Naturamque
381 3860 489 3910 novat:
510 3869 579 3909 nam
593 3849 677 3925 ponit
691 3848 722 3905 in
736 3849 841 3908 ordine
856 3867 970 3925 pennas

162 3949 192 4004 A
205 3944 328 4003 minima
342 3954 472 4020 coeptas,
487 3945 608 4021 longam
622 3942 757 4000 breviore
772 3952 926 4018 sequente,

162 4041 207 4099 Ut
221 4038 298 4097 clivo
313 4037 441 4096 crevisse
456 4046 551 4114 putes.
594 4035 642 4095 Sic
656 4035 765 4094 rustica
779 4036 932 4111 quondam

163 4131 278 4192 Fistula
291 4129 460 4207 disparibus
473 4128 626 4207 paullatim
641 4128 733 4207 surgit
746 4129 857 4189 avenis.
