2610 4926
331 733 389 788 ¹⁴0
643 729 670 772 a.
688 729 822 773 vincam
842 727 985 774 naonis

368 871 430 934 Hic
444 872 525 933 aliud
538 874 633 953 majus
647 872 763 935 miseris
776 874 931 953 multoque
943 871 1131 937 uomendum

325 965 473 1045 Objicitur
485 967 587 1043 magis,
603 978 692 1044 atque
707 967 873 1045 improvida
886 964 1011 1045 pectoaa'
1021 966 1130 1028 urbae

327 1061 478 1131 Laocoon,
494 1059 600 1119 ductus
615 1062 760 1137 Neptuno
773 1072 852 1120 sorte
866 1060 1014 1135 sacerdos,

327 1153 494 1213 Sollemnes
508 1163 621 1211 taumm
636 1152 787 1229 ingentem
800 1154 951 1213 mactabat
963 1152 1003 1213 ad
1016 1170 1091 1213 aras.

327 1246 407 1305 Fece
420 1256 520 1304 autem
533 1245 644 1322 gemini
659 1264 677 1304 a
690 1246 816 1306 Tenedo
829 1246 989 1322 tranquilla
1000 1263 1056 1323 per
1066 1244 1180 1305 alta-

327 1340 479 1398 Horresco
493 1337 832 1398 reserens—immensis
844 1338 967 1398 orbibus
982 1356 1096 1415 angues

327 1432 509 1491 Incumbunt
523 1431 639 1509 pelago,
656 1431 824 1508 pariterque
838 1431 877 1491 ad
891 1431 979 1491 litora
991 1430 1140 1506 tendunt3

327 1526 451 1585 Pectora
465 1543 589 1600 quorum
604 1523 680 1583 inter
693 1523 801 1583 fluctus
813 1534 927 1583 arrecta
936 1524 1088 1600 iubaeque

327 1616 514 1696 Sanguineae
528 1627 668 1693 superant
680 1617 778 1677 undas
789 1638 797 1689 3
816 1634 886 1693 pars
898 1627 999 1676 cetera
1012 1626 1139 1692 pontum

327 1713 410 1771 Pone
425 1709 495 1788 legit
509 1710 666 1786 sinuatque
680 1709 827 1769 irnmensa
838 1708 990 1778 volumine
1004 1717 1093 1785 terga.
1172 1782 1179 1791 .

327 1803 375 1862 Fit
389 1803 503 1863 sonitus
517 1813 674 1879 spumante
688 1804 773 1877 salo;
791 1804 913 1879 iamque
926 1820 998 1861 arva
1009 1801 1164 1875 tenebant,

327 1897 536 1973 Ardentesque
550 1898 654 1957 oculos
667 1896 784 1956 suffecti
797 1895 940 1973 sanguine
954 1906 985 1955 et
998 1894 1069 1973 igni,

327 1989 420 2050 Sibila
433 1990 607 2049 lambebant
620 1989 727 2067 linguis
739 1989 927 2049 vibrantibus
939 2007 1001 2049 ora.

327 2082 504 2160 Diffugimus
516 2083 582 2142 sisu
597 2101 769 2160 exsangues
812 2082 861 2141 Illi
874 2081 993 2161 agmine
1005 2090 1090 2143 nerto

326 2178 500 2237 Laocoonta
513 2186 639 2253 petunt;
658 2186 689 2235 et
701 2176 829 2252 primum
843 2193 936 2252 parva
948 2174 1075 2235 duorum

325 2270 459 2346 Corpora
473 2280 608 2328 natomm
624 2288 745 2345 serpens
760 2270 912 2345 amplexus
926 2278 1051 2343 uterque

326 2363 464 2439 Implicat
480 2374 509 2421 et
524 2362 646 2421 miseros
660 2380 759 2420 morsu
774 2362 943 2437 depascitur
955 2373 1055 2434 attus;

326 2457 398 2514 Post
413 2456 517 2531 ipsum,
533 2455 642 2514 auxilio
656 2456 831 2513 subeuntem
848 2473 882 2513 ac
896 2455 957 2513 tela
970 2455 1122 2527 serentem,

325 2547 504 2624 Corripiunt,
521 2548 664 2624 spirisque
679 2548 770 2624 ligant
785 2547 973 2623 ingentibus;
992 2558 1023 2606 et
1036 2547 1099 2624 jam

326 2641 375 2699 Bis
391 2640 520 2700 medium
535 2642 672 2717 amplexi.
686 2641 735 2699 bis
749 2641 828 2699 collo
843 2660 984 2717 squamea
997 2640 1107 2699 circum

324 2737 422 2811 Terga
436 2734 505 2799 dati,
522 2748 660 2809 superant
675 2735 773 2810 capite
787 2744 817 2792 et
831 2734 995 2794 cervicibus
1009 2732 1085 2791 altis.

326 2828 381 2886 llle
397 2827 483 2886 simul
499 2827 635 2885 manibus
650 2828 744 2886 tendit
759 2826 899 2885 divellere
915 2827 1021 2899 nodos

324 2920 464 2979 Perfusus
479 2921 560 2979 sanie
575 2920 662 2979 vittas
676 2931 801 2995 atroque
816 2938 941 2992 veneno,

324 3014 480 3074 Clamores
496 3014 582 3071 simul
597 3013 763 3072 horrendos
777 3013 815 3071 ad
831 3013 929 3071 sidera
943 3010 1039 3071 tollit:

323 3108 436 3180 Quales
450 3107 587 3182 mugitus.
604 3107 675 3182 sugit
690 3124 780 3181 quum
797 3105 914 3164 saucius
928 3123 1009 3163 aram

322 3200 440 3257 Taurus
454 3210 484 3257 et
499 3200 640 3257 incertam
655 3198 782 3258 excussit
797 3198 910 3257 cervice
925 3195 1058 3256 securun

325 3293 365 3348 At
379 3291 488 3367 gemini
503 3292 587 3367 lapsu
602 3292 724 3350 delubra
739 3292 777 3350 ad
792 3310 908 3350 summa
921 3292 1066 3349 dracones

325 3383 475 3459 Effugiant
490 3403 654 3459 saevaeque
669 3397 774 3461 petunt
789 3384 953 3442 Tritonidis
966 3401 1073 3451 arcem,

325 3476 388 3533 Sub
402 3476 588 3552 pedibusque
603 3477 678 3535 deae
692 3478 840 3554 clipeique
855 3477 912 3536 sub
926 3478 998 3536 orbe
1012 3486 1158 3551 teguntur.

322 3568 400 3625 Tum
415 3587 486 3627 vero
500 3570 671 3628 tremefacta
687 3589 781 3629 notus
796 3590 849 3647 per
863 3582 986 3646 pectora
999 3568 1116 3627 cunctis

324 3659 458 3717 Insinuat
474 3680 574 3736 pavor,
590 3672 619 3719 et
634 3663 730 3720 scelus
745 3663 922 3739 expendisse
936 3672 1101 3721 merentem

323 3753 497 3811 Laocoonta
512 3753 616 3815 serunt.
632 3773 745 3812 sacrum
761 3756 812 3831 qui
827 3756 951 3831 cuspide
965 3755 1055 3814 robur

324 3844 455 3903 Laeserit
470 3860 499 3904 et
515 3858 596 3922 tergo
611 3848 781 3906 sceleratam
798 3848 945 3906 intorserit
959 3849 1083 3906 hastam.

324 3938 501 3997 Ducendum
516 3940 554 3998 ad
570 3940 657 3998 sedes
671 3941 859 3999 simulacrum
875 3941 1047 4016 orandaque
1061 3939 1149 4000 ditae

324 4031 454 4089 Numina
468 4033 663 4091 conclamant

324 4122 492 4183 Dividimus
506 4143 606 4184 muros
620 4136 650 4184 et
665 4125 784 4185 moenia
797 4125 956 4203 pandimus
969 4125 1057 4184 urbis
