2610 4926
403 708 611 754 remmom
634 710 692 753 ΠΒ.
716 711 757 754 1v.

94 853 223 932 Occupat
237 871 385 927 aversum,
400 872 460 914 neu
474 873 562 914 saeva
576 865 744 933 retorqueat
758 873 818 931 ora,

93 947 284 1026 squamigeris
299 947 405 1007 avidos
419 948 481 1024 figit
495 947 658 1009 cervicibus
671 968 806 1026 ungues;

96 1042 141 1101 Sic
154 1043 241 1102 celeri
257 1041 366 1101 missus
379 1059 523 1118 praeceps
536 1060 590 1118 per
604 1042 692 1102 inane
706 1043 808 1103 volatu

93 1137 184 1212 Terga
197 1136 277 1195 ferae
291 1133 406 1211 pressit,
422 1134 587 1210 dextroque
602 1134 754 1196 frementis
768 1135 799 1194 in
813 1151 915 1196 armo·

93 1228 248 1288 Inachides
264 1229 372 1287 ferrum
387 1246 477 1286 curvo
491 1238 579 1286 tenus
593 1228 708 1287 abdidit
722 1230 820 1288 hamo.
1031 1255 1070 1294 φ»

92 1322 219 1381 Vulnere
233 1322 315 1380 laesa
328 1321 409 1397 gravi
424 1320 516 1380 modo
531 1339 562 1380 se
578 1321 711 1380 sublimis
725 1321 755 1379 in
771 1340 857 1381 auras

92 1414 214 1486 Attollit,
231 1413 324 1473 modo
339 1414 440 1472 subdit
454 1412 548 1490 aquis,
564 1415 656 1491 modo
670 1432 752 1474 more
766 1413 873 1474 ferocis

91 1508 193 1566 Versat
208 1506 280 1583 apri,
297 1525 387 1582 quem
401 1507 487 1566 turba
500 1524 608 1565 canum
622 1506 810 1567 circumsona
822 1515 920 1568 terret

93 1601 144 1659 Ille
158 1601 263 1659 avidos
278 1617 393 1658 morsus
406 1599 560 1659 velocibus
574 1600 676 1678 effugit
690 1599 752 1674 alis,

91 1694 215 1770 Quaque
229 1703 342 1770 patent,
359 1711 437 1751 nunc
452 1701 534 1769 terga
546 1693 627 1752 cavis
641 1712 730 1770 super
743 1693 841 1760 obsita
854 1693 988 1768 conchis,
1031 1721 1067 1761 m

93 1787 178 1845 Nunc
192 1788 318 1845 laterum
332 1797 438 1857 costas,
454 1804 534 1845 nunc
548 1805 608 1861 qua
621 1786 795 1847 tenuissima
807 1787 906 1848 cauda

92 1879 206 1938 Desinit
220 1878 251 1936 in
266 1878 388 1955 piscem,
404 1879 512 1938 falcato
525 1879 660 1938 verberat
674 1898 755 1938 ense.

91 1973 190 2031 Bellua
204 1971 334 2048 puniceo
348 1970 456 2030 mixtos
470 1989 539 2030 cum
554 1972 696 2048 sanguine
710 1971 820 2032 fluctuas

90 2065 147 2126 Ore
162 2064 264 2124 vomit
309 2064 454 2124 Maduere
468 2083 571 2141 graves
585 2064 762 2144 adspergine
776 2083 915 2142 pennae;

91 2160 153 2218 Nec
167 2157 280 2218 bibulis
294 2158 370 2216 ultra
385 2158 509 2217 Perseus
523 2156 662 2218 talaribus
677 2177 766 2219 ausus

90 2251 225 2323 Credere,
241 2248 397 2326 conspexit
411 2250 577 2326 scopulum,
594 2250 645 2326 qui
659 2251 769 2312 vertice
784 2271 903 2314 summo

90 2344 238 2403 Stantibus
253 2354 349 2403 exstat
364 2342 455 2418 aquis,
471 2342 602 2419 operitur
617 2346 655 2402 ab
671 2364 800 2421 aequore
817 2358 920 2407 moto:

92 2438 183 2496 Nixus
197 2456 235 2496 eo
250 2435 389 2512 rupisque
404 2447 508 2495 tenens
519 2438 591 2514 juga
604 2438 700 2513 prima
715 2439 839 2513 sinistra,

91 2532 147 2589 Ter
160 2542 265 2607 quater
278 2528 375 2605 exegit
389 2529 514 2606 repetita
529 2549 580 2606 per
595 2529 644 2589 ilia
659 2531 775 2592 ferrum.

91 2624 188 2682 Litora
202 2642 270 2682 cum
285 2623 390 2699 plausu
405 2623 517 2681 clamor
530 2641 710 2700 superasque
726 2626 850 2685 deorum

93 2718 254 2793 Implevere
269 2716 393 2775 domos:
413 2716 543 2792 gaudent
556 2735 758 2795 generumque
773 2721 910 2792 salutant,

91 2809 297 2885 Auxiliumque
312 2809 418 2867 domus
433 2821 673 2887 servatoremque
688 2815 817 2872 latentur

93 2903 233 2979 Cassiope
249 2902 447 2978 Cepheusque
462 2912 552 2978 pater.
600 2905 745 2965 Resoluta
760 2905 872 2964 catenis

93 2996 206 3056 Incedit
219 2995 311 3072 virgo,
327 2995 511 3073 pretiumque
527 3007 557 3055 et
572 3015 662 3057 causa
677 2998 792 3058 laboris.

94 3091 158 3166 Ipse
173 3108 278 3148 manus
293 3090 398 3147 hausta
411 3088 545 3149 victrices
561 3091 654 3150 abluit
668 3092 768 3163 unda;

92 3183 340 3258 Anguiferumque
355 3193 444 3258 caput
459 3184 541 3242 nuda
556 3203 594 3243 ne
609 3184 709 3243 laedat
723 3203 820 3252 arena,

94 3277 190 3334 Mollit
204 3277 327 3334 humum
343 3275 420 3334 loliis
435 3288 581 3353 natasque
595 3278 652 3349 sub
667 3297 795 3354 aequore
810 3276 905 3356 virgas

92 3370 204 3442 Sternit,
220 3380 250 3428 et
265 3369 392 3445 imponit
409 3371 613 3447 Phorcynidos
628 3390 680 3430 ora
695 3372 849 3430 Medusae.

92 3464 180 3539 Virga
190 3481 293 3522 recens
308 3461 469 3539 bibulaque
485 3463 647 3523 etiamnum
662 3465 729 3523 viva
744 3465 874 3524 medulla

92 3555 159 3613 Vim
173 3556 267 3633 rapuit
282 3555 416 3628 monstri,
433 3567 575 3632 tactuque
590 3556 720 3617 induruit
735 3558 831 3635 hujus,

94 3649 284 3725 Percepitque
300 3667 412 3709 novum
426 3649 514 3707 ramis
529 3661 558 3709 et
573 3650 678 3708 fronde
693 3650 827 3726 rigorem.

93 3745 131 3801 At
146 3742 240 3818 pelagi
257 3743 417 3819 Nymphae
432 3743 541 3801 lactum
557 3742 690 3802 mirabile
706 3753 821 3802 tentant

94 3836 226 3894 Pluribus
240 3835 269 3894 in
286 3835 384 3912 virgis,
401 3846 431 3894 et
445 3834 525 3893 idem
540 3835 712 3912 contingere
726 3836 866 3912 gaudent,

91 3927 266 4004 Seminaque
282 3947 319 3987 ex
335 3927 392 3986 illis
407 3926 513 3986 iterant
533 3928 644 4006 jactata
658 3947 710 4004 per
724 3929 827 3987 undas.

93 4023 178 4081 Nunc
193 4040 315 4098 quoque
330 4019 448 4079 curaliis
462 4020 568 4079 eadem
583 4030 688 4079 natura
701 4020 851 4093 remansit,

92 4115 234 4174 Duritiam
250 4124 333 4174 tacto
347 4111 468 4190 capiant
482 4124 515 4172 ut
531 4115 570 4172 ab
585 4119 660 4185 aere,
676 4115 818 4189 quodque

1089 4306 1250 4566 r
