2610 4926
232 734 266 773 12
566 729 591 772 P.
614 729 715 773 0v11>11
737 728 871 771 NASONIS

230 877 300 934 Non
315 873 405 933 darei
448 873 610 946 Confiteor,
627 874 723 933 solum
738 874 796 933 hoc
811 873 874 947 tibi,
890 885 967 946 nate,
984 892 1129 950 negarem

177 1005 179 1011 ·
230 967 411 1026 Dissuadere
427 966 503 1026 licet
547 969 618 1026 Nou
633 977 679 1027 est
693 977 744 1027 tua
757 978 821 1026 tuta
835 968 979 1027 voluntas

229 1062 343 1137 Magna
356 1059 442 1136 petis,
459 1060 625 1132 Phaethon,
641 1069 672 1119 et
686 1079 762 1136 quae
776 1079 832 1119 nec
846 1059 956 1120 viribus
971 1060 1037 1121 istis

230 1155 358 1212 Munera
371 1151 554 1213 conveniunt
567 1171 624 1213 nec
638 1163 700 1212 tam
715 1152 876 1229 puerilibus
891 1153 984 1213 annis.
1182 1176 1208 1217 ss

229 1248 298 1307 Sors
312 1257 364 1306 tua
378 1245 529 1305 mortalis:
551 1264 613 1306 non
627 1256 673 1305 est
687 1246 819 1318 mortale,
836 1247 917 1322 quod
932 1258 1029 1323 optas.

230 1340 301 1399 Plus
316 1338 415 1412 etiarn,
432 1357 522 1415 quam
536 1339 619 1414 quod
633 1338 746 1416 superis
760 1339 931 1416 contingere
945 1340 989 1399 ias
1003 1349 1059 1412 est,

230 1431 357 1492 Nescius
372 1432 500 1491 affectas
544 1432 666 1491 Placeat
679 1431 735 1491 sibi
750 1433 874 1508 quisque
889 1431 1010 1506 licebit3

206 1540 213 1551 ·
230 1527 302 1585 Non
317 1535 418 1585 tamen
433 1523 557 1601 ignifero
572 1524 729 1601 quisquam
743 1524 904 1585 consistere
918 1524 949 1583 in
963 1544 1019 1584 axe

231 1621 285 1678 Me
299 1618 379 1677 valet
393 1629 529 1693 excepto.
564 1616 650 1677 Vasti
665 1636 785 1694 quoque
799 1627 896 1678 rector
909 1617 1041 1695 Olympi,

231 1710 291 1787 Qui
306 1711 368 1771 sera
382 1709 503 1770 terribili
516 1711 664 1786 jaculatur
677 1710 801 1770 fulmina
814 1711 925 1783 dextra,

231 1806 302 1864 Non
317 1813 385 1880 agat
399 1803 455 1864 hos
469 1822 588 1864 currus:
609 1815 639 1864 et
653 1803 726 1880 quid
738 1805 814 1880 Jove
829 1806 924 1880 majus
938 1805 1107 1864 habemus?

231 1899 335 1957 Ardua
348 1895 444 1974 prima
457 1895 505 1955 via
519 1906 564 1957 est
578 1907 609 1957 et
622 1916 682 1973 qua
695 1896 745 1955 vix
758 1916 846 1957 mane
863 1907 998 1957 recentes

231 1990 392 2050 Enituntur
405 1987 483 2065 equi.
527 1989 633 2049 Medio
647 2001 693 2049 est
707 1989 849 2049 altissima
862 1990 969 2064 coelo;

231 2085 323 2145 Unde
338 2101 420 2143 mare
435 2093 465 2142 et
479 2092 570 2142 terras
584 2081 640 2159 ipsi
654 2081 727 2141 mihi
742 2102 831 2160 saepe
845 2081 945 2141 videre

231 2177 280 2237 Fit
295 2176 391 2249 timor,
407 2185 438 2236 et
452 2175 561 2251 pavida
575 2174 702 2252 trepidat
716 2174 873 2234 formidine
887 2185 1000 2250 pectus.

231 2269 348 2331 Ultima
361 2288 456 2346 prona
470 2267 518 2328 via
532 2279 585 2341 est,
602 2278 632 2328 et
646 2278 713 2345 eget
726 2267 929 2328 moderamine
943 2277 1034 2327 certo.

231 2366 318 2423 Tunc
332 2361 431 2435 etiam,
447 2380 524 2438 quae
538 2381 587 2421 me
602 2360 744 2436 subJectis
759 2360 868 2437 excipit
883 2361 979 2434 undis,

232 2459 280 2516 Ne
295 2457 370 2515 ferar
383 2454 413 2514 in
428 2473 580 2532 praeceps,
596 2455 708 2532 Tethys
723 2455 800 2513 solet
814 2453 878 2530 ipsa
891 2453 991 2514 vereri.

136 2560 143 2574 ’
231 2550 320 2609 Adde
335 2549 417 2626 quod
432 2548 551 2608 assidua
565 2546 676 2624 rapitur
689 2547 831 2623 vertigine
846 2548 973 2619 coelum,

233 2643 397 2718 Sideraque
412 2642 471 2701 alta
486 2640 574 2700 trahit
588 2639 735 2716 celerique
750 2638 900 2699 volumine
914 2651 1042 2716 torquet

233 2735 321 2795 Nitor
335 2735 364 2793 in
380 2736 545 2806 adversum,
561 2752 617 2793 nec
631 2751 688 2806 me,
705 2732 755 2808 qui
772 2744 877 2804 cetera,
893 2732 985 2793 vincit

233 2834 376 2909 Impetus,
393 2841 423 2890 et
437 2830 542 2906 rapido
556 2828 720 2889 contrarius
734 2829 845 2889 evehor
858 2829 932 2889 orbi.

233 2925 326 3002 Finge
341 2925 427 2984 datos
440 2943 549 2983 currus
593 2922 675 2997 Quid
690 2925 778 2999 ages?
820 2921 974 2982 Poterisne
987 2921 1092 2981 rotatis

232 3017 347 3079 Obvius
362 3017 403 3076 ire
417 3016 503 3094 polis,
519 3035 558 3075 ne
573 3026 602 3076 te
617 3015 692 3075 citus
707 3016 819 3075 auferat
833 3014 916 3075 axis?

233 3111 369 3171 Forsitan
385 3121 415 3170 et
429 3111 512 3170 lucos
528 3108 587 3169 illic
601 3109 748 3185 urbesque
763 3109 887 3168 deorum

233 3203 394 3281 Concipias
409 3202 509 3262 animo
524 3203 707 3278 delubraque
723 3201 796 3261 ditia
809 3201 897 3261 (lonis

233 3299 315 3356 Esse.
360 3299 416 3356 Per
430 3295 551 3356 insidias
566 3295 620 3356 iter
634 3306 679 3355 est
693 3296 863 3371 formasque
879 3296 1014 3354 serarum.

233 3392 336 3466 thue
351 3389 429 3449 viam
444 3401 546 3450 teneas
562 3390 705 3464 nulloque
720 3407 816 3447 errore
830 3387 963 3459 traharis,

234 3485 292 3543 Per
305 3494 405 3542 tamen
420 3480 534 3543 adversi
548 3481 690 3558 gradieris
705 3498 816 3539 cornua
829 3479 928 3551 Tauri,

234 3576 482 3651 Haemoniosque
497 3593 593 3647 arcus,
609 3572 791 3649 violentique
806 3590 859 3630 ora
873 3571 994 3643 Leonis,

233 3670 386 3745 Saevaque
401 3667 524 3728 circuitu
537 3678 710 3727 curvantem
725 3663 847 3724 brachia
862 3665 953 3741 longo

233 3761 387 3838 Scorpion,
404 3771 493 3834 atque
508 3758 592 3818 aliter
604 3769 776 3819 curvantem
791 3757 913 3817 brachia
930 3758 1089 3818 Cancrum.

235 3855 301 3913 Nec
316 3853 369 3913 tibi
385 3852 594 3929 quadrupedes
608 3851 758 3910 animosos
773 3849 891 3927 ignibus
906 3849 972 3923 illis,

235 3948 320 4021 Quos
335 3945 363 4003 in
380 3955 502 4021 pectore
516 3944 637 4016 habent,
653 3962 728 4019 quos
742 3962 793 4003 ore
808 3956 837 4004 et
851 3943 972 4004 naribus
987 3945 1095 4020 efflant,

235 4041 273 4098 In
288 4048 406 4114 promtu
421 4054 521 4112 regere
536 4047 598 4095 est:
618 4036 668 4095 vix
680 4056 729 4096 me
744 4036 902 4113 patiuntur,
919 4037 970 4097 ubi
985 4056 1067 4097 acres

236 4130 391 4190 Incaluere
406 4127 506 4201 animi,
522 4127 679 4205 cervixque
694 4142 837 4207 repugnat
851 4130 984 4191 habenis.
