2610 4926
189 705 226 778 78
504 719 531 764 a.
551 718 685 765 uruntur
705 718 847 765 unnours

187 864 250 924 Hic
263 863 372 925 virides
385 873 489 925 tenera
502 862 647 942 praetexit
660 863 804 925 arundine
818 862 897 940 ripas

186 956 327 1030 Mincius,
342 976 418 1035 eque
432 976 518 1017 sacra
530 967 672 1018 resonant
685 957 821 1019 examina
834 974 952 1035 quercu

186 1049 267 1125 Quid
273 1049 416 1110 lacerem?
425 1068 523 1126 neque
531 1068 589 1128 ego
595 1048 753 1126 Alcippen,
760 1068 858 1127 neque
864 1047 1164 1127 Pnyuidahabebem,

186 1142 336 1218 Depulsos
349 1163 368 1202 a
382 1143 458 1202 lacte
473 1142 553 1202 domi
568 1162 644 1220 quae
659 1143 812 1203 clauderet
825 1161 918 1219 agnos
929 1164 939 1216 ;
1140 1168 1164 1209 ις

187 1236 226 1295 Et
239 1245 389 1297 certamen
401 1245 473 1308 erat,
489 1235 629 1312 Corydon
644 1254 713 1297 cum
726 1234 881 1314 Thyrside,
897 1254 1047 1315 magnum.

187 1327 349 1388 Posthabui
363 1338 464 1391 tamen
478 1327 593 1389 illorum
607 1346 675 1388 mea
688 1327 765 1388 seria
778 1328 858 1389 ludo.

186 1419 318 1480 Alternis
332 1420 420 1499 igitur
433 1422 614 1482 contendere
628 1420 765 1482 versibus
779 1421 869 1485 ambo

187 1514 341 1592 Coepere,;
360 1514 490 1573 alternos
505 1516 612 1575 Musae
626 1513 798 1577 meminisse
811 1513 961 1577 volebant

187 1609 255 1667 Hos
270 1606 420 1685 Corydon,
436 1607 504 1666 illos
518 1606 664 1666 referebat
678 1606 710 1666 in
723 1606 828 1674 ordine
842 1606 975 1687 Thyrsis.

604 1727 742 1765 courbou.

185 1794 352 1872 Nymphae,
368 1804 470 1855 noster
484 1811 576 1866 amor,
586 1793 790 1867 Libethrides,
807 1805 858 1855 aut
871 1791 944 1855 mihi
957 1808 1089 1866 carmen,

149 1936 151 1941 .
185 1888 282 1963 Quale
297 1906 364 1947 meo
380 1886 491 1960 Codro,
506 1887 663 1949 concedite
676 1908 685 1962 ;
705 1887 839 1964 proxima
854 1885 969 1947 Phoebi

184 1979 329 2040 Versibus
344 1979 394 2040 ille
408 1980 498 2055 sacit3
518 1990 578 2053 aut,
593 1979 618 2039 si
633 1999 694 2041 non
708 1998 867 2056 possumus
881 1996 995 2057 omnes,

186 2072 248 2132 Hic
262 2082 365 2151 arguta
378 2092 464 2134 sacra
476 2072 620 2151 pendebit
634 2072 734 2133 fistula
747 2073 829 2148 pinu.

612 2192 734 2230 rnunsra

184 2260 333 2332 Pastores,
348 2259 461 2320 hedera
473 2268 645 2321 nascentem
660 2269 764 2320 ornate
778 2269 908 2336 poetam,

184 2351 327 2424 Arcades
344 2351 456 2411 invidia
470 2363 642 2427 rumpantur
656 2363 688 2410 ut
704 2353 753 2411 ilia
768 2352 888 2424 Codro;

184 2445 254 2517 Aut,
270 2444 296 2502 si
310 2445 388 2503 ultra
401 2444 540 2521 placitum
556 2444 690 2518 laudarit,
706 2445 851 2503 bacchare
867 2444 994 2503 frontem

184 2535 312 2613 Cingite,
328 2556 366 2596 ne
380 2537 441 2596 vati
456 2547 562 2596 noceat
575 2538 654 2595 mala
668 2537 769 2614 lingua
783 2537 888 2596 futuro.

595 2659 732 2697 CORYDON.

185 2723 301 2784 Saetosi
316 2735 404 2802 caput
418 2725 475 2783 hoc
489 2724 552 2800 apri
567 2724 628 2798 tibi,
647 2725 742 2799 Delia,
759 2745 867 2804 parvus

184 2818 222 2877 Et
237 2836 354 2876 ramosa
369 2817 473 2877 Micon
487 2817 597 2877 vivacis
608 2837 720 2877 cornua
734 2819 822 2877 cervi.

186 2910 218 2970 Si
232 2910 384 2987 proprium
400 2911 457 2970 hoc
473 2910 567 2983 suerit,
584 2911 641 2970 levi
657 2912 695 2971 de
709 2929 855 2971 marmore
869 2921 932 2971 tota

184 3002 316 3063 Puniceo
330 3001 422 3062 stabis
436 3022 519 3062 suras
534 3003 652 3062 evincta
666 3004 820 3064 cothurno.

609 3118 733 3156 Tirynsrs.

184 3181 287 3242 Sinum
302 3182 387 3242 lactis
401 3192 431 3244 et
445 3183 520 3242 haec
533 3193 563 3243 te
578 3184 646 3256 liba,
663 3184 777 3260 Priape,
794 3181 967 3260 quotannis

182 3275 364 3352 Exspectare
379 3286 425 3335 sat
438 3286 501 3335 est:
521 3287 622 3337 custos
637 3296 670 3336 es
684 3277 821 3355 pauperis
836 3276 922 3336 horti.

182 3370 272 3429 Nunc
287 3379 317 3428 te
331 3388 526 3428 marmoreum
541 3389 595 3446 pro
610 3381 743 3447 tempore
758 3370 903 3443 fecimus,
923 3379 954 3431 at
967 3378 1007 3441 tu,

183 3461 215 3522 Si
229 3462 324 3521 fetura
336 3481 456 3540 gregem
471 3462 658 3538 suppleverit,
675 3482 782 3522 aureus
797 3475 870 3523 esto.

604 3578 742 3615 CORYDON.

69 3645 73 3653 '
182 3640 296 3700 Nerine
310 3641 443 3713 Galatea,
459 3643 561 3720 thymo
575 3644 647 3702 mihi
662 3643 777 3702 dulcior
792 3642 920 3719 Hyblae,

182 3733 348 3794 Candidior
361 3735 470 3811 cycnis,
486 3736 597 3795 hedera
611 3736 768 3794 formosior
782 3735 858 3808 alba,

182 3826 284 3901 Quum
298 3825 425 3903 primum
440 3829 518 3903 pasti
534 3838 670 3903 repetent
683 3827 840 3905 praesepia
855 3828 938 3901 tauri,

182 3917 213 3979 Si
227 3937 287 3995 qua
300 3919 342 3978 tui
357 3919 524 3997 Corydonis
538 3920 629 3979 habet
643 3932 672 3980 te
687 3939 764 3993 cura,
782 3922 891 3981 venito.

609 4042 733 4079 Turesis

184 4108 282 4166 Immo
296 4123 352 4183 ego
368 4104 520 4168 Sardoniis
534 4107 636 4169 videar
650 4108 704 4169 tibi
718 4108 843 4170 amarior
856 4108 965 4182 herbis,
