2610 4926
164 677 220 757 ¹³⁶
474 694 501 738 s.
521 694 655 741 mnomrr
675 694 820 741 umqum

162 838 326 918 Impulerat
339 837 415 901 ferro
430 839 586 918 Argolicas
599 840 720 903 foedare
733 840 871 915 latebras,
1113 866 1140 911 ι

161 934 320 1010 Troiaque,
336 951 416 992 nunc
429 943 530 1008 stares,
546 932 714 1011 Priamique
727 952 779 995 arx
793 934 862 1009 alta,
876 952 1024 997 manua

204 1027 292 1099 Ecce,
308 1044 412 1085 manus
425 1027 565 1103 juvenem
579 1026 692 1087 interea
704 1036 775 1105 post
787 1037 870 1104 terga
876 1024 1053 1089 reuinctum

163 1121 299 1178 Pastores
313 1136 423 1196 magno
437 1119 475 1178 ad
489 1137 589 1197 regem
603 1120 734 1181 clamore
748 1119 907 1181 trahebant

163 1209 362 1285 Dardanidae,
377 1211 429 1288 qui
443 1230 476 1271 se
490 1210 624 1289 ignotum
636 1210 825 1273 venientibus
837 1212 925 1287 ultro,

164 1306 235 1364 Hoc
249 1303 345 1380 ipsum
360 1314 394 1364 ut
407 1314 530 1365 strueret
543 1305 726 1382 Troiamque
740 1303 866 1383 aperiret
877 1302 1013 1381 Achiviq
1111 1322 1137 1365 e

163 1397 327 1470 obtulerat,
343 1397 439 1457 fidens
453 1395 552 1471 animi,
566 1407 657 1475 atque
671 1396 703 1457 iu
716 1408 873 1475 utrumque
887 1408 1019 1475 perante,

164 1490 224 1550 Seu
237 1508 352 1549 versare
367 1490 462 1563 dolos,
477 1508 529 1551 seu
543 1500 642 1551 certae
655 1490 833 1551 occumbere
846 1488 943 1553 morti.

164 1581 307 1660 Undique
320 1582 436 1643 visendi
450 1581 550 1643 studio
563 1584 696 1660 Trojano
707 1584 847 1660 juventus

164 1673 350 1735 Circumfusa
363 1674 428 1748 ruit,
442 1684 618 1753 certantque
630 1674 754 1749 illudere
767 1686 865 1753 capto.

162 1767 276 1845 Accipe
290 1787 370 1828 nunc
385 1770 523 1829 Danaum
537 1767 669 1844 insidias,
683 1778 715 1830 et
728 1768 852 1831 crimine
865 1768 905 1831 ab
918 1786 982 1833 uuo
1073 1814 1081 1829 .
1113 1786 1139 1839 rr

116 1914 119 1921 .
165 1860 256 1921 Disce
270 1880 383 1922 omnes

165 1955 303 2030 Namque
317 1965 350 2014 ut
363 1964 526 2033 conspectu
540 1953 571 2015 in
584 1953 686 2017 medio
700 1954 844 2028 turbatus,
858 1953 990 2031 inermia,

164 2045 306 2108 Constitit
319 2059 409 2125 atque
424 2048 518 2109 oculis
533 2046 660 2126 Phrygia
673 2046 793 2127 agmina
805 2046 1034 2127 circumspexit:
1081 2102 1085 2109 .

165 2141 245 2214 Heu,
261 2159 338 2217 quae
351 2160 431 2200 nunc
446 2141 542 2214 tellus,
556 2139 661 2218 inquit,
678 2160 754 2218 quae
768 2159 818 2203 me
831 2158 962 2219 aequora
973 2150 1103 2220 ponunt

162 2232 328 2310 Accipere?
349 2243 399 2292 aut
414 2232 486 2311 quid
501 2235 562 2310 jam
577 2232 686 2294 misero
699 2232 771 2293 mihi
785 2232 915 2310 denique
928 2240 1032 2310 restat,
1115 2264 1141 2306 μ

165 2325 222 2386 Cui
236 2345 333 2402 neque
348 2328 427 2402 apud
444 2329 565 2386 Danaos
580 2346 705 2403 usquam
719 2327 811 2399 locus,
826 2338 856 2386 et
871 2344 959 2403 super
972 2326 1031 2405 ipsi

165 2418 356 2479 Dardanidae
371 2419 478 2479 infensi
493 2438 605 2497 poenas
619 2439 687 2479 cum
702 2419 844 2496 sanguine
859 2423 1009 2496 poscunt?
1124 2496 1127 2501 Ι

164 2514 235 2587 Quo
248 2512 358 2590 gemitu
374 2502 508 2573 conversi
523 2511 622 2586 animi,
637 2512 823 2589 compressus
838 2524 868 2571 et
882 2513 981 2575 omnis

165 2608 308 2682 Impetus.
352 2608 516 2665 Hortamur
529 2606 602 2680 lari3
618 2623 678 2683 quo
692 2604 834 2682 sanguine
849 2616 955 2680 cretus,

165 2698 283 2773 Quidve
298 2700 379 2772 serat,
395 2710 547 2772 memoret,
564 2717 641 2776 quae
655 2697 692 2758 sit
706 2699 815 2758 fiducia
828 2712 926 2776 capto.
1118 2728 1142 2767 η

166 2789 234 2873 [Ille
249 2792 332 2865 haec,
348 2791 483 2868 deposita
497 2793 618 2853 tandem
633 2791 797 2865 formidine,
813 2793 889 2851 satur
900 2788 920 2872 :]

206 2888 323 2946 Cuncta
336 2884 474 2961 equidem
489 2884 550 2957 tibi,
568 2887 643 2959 Rex,
659 2884 745 2945 suerit
758 2885 978 2963 quodcumque,
994 2884 1112 2949 fatebor

164 2980 252 3052 Vera,
269 2977 383 3054 inquit;
403 2997 500 3054 neque
515 2997 564 3038 me
579 2978 719 3056 Argolica
734 2979 771 3038 de
785 2989 873 3055 gente
888 2979 1025 3055 negab05

167 3074 237 3132 Hoc
252 3070 399 3148 primum,
419 3089 483 3142 nec,
500 3070 523 3129 si
538 3071 676 3131 miserum
693 3074 823 3132 Fortuna
836 3071 979 3132 Sinonem

166 3164 273 3237 Finxit,
289 3182 398 3222 vanum
412 3162 501 3223 etiam
515 3165 749 3241 mendacemque
765 3163 900 3241 improba
914 3166 1015 3243 finget.
1118 3182 1143 3223 r·

166 3258 271 3317 Fando
286 3256 409 3332 aliquod
423 3256 448 3314 si
463 3256 537 3315 sorte
552 3268 617 3316 tuas
631 3257 766 3333 pervenit
779 3258 817 3317 ad
831 3277 917 3319 aures

166 3349 286 3409 Belidae
300 3368 409 3409 nomen
427 3349 593 3411 Palamedis
608 3361 638 3410 et
652 3349 762 3410 incluta
776 3353 854 3410 sama

166 3441 277 3513 Gloria,
294 3460 382 3518 quem
397 3441 471 3501 salsa
485 3443 540 3502 sub
555 3441 724 3519 proditione
741 3443 855 3520 Pelasgi

166 3536 321 3594 Insontem
335 3534 459 3595 infando
473 3534 593 3608 indicio,
610 3535 679 3612 quia
692 3536 771 3595 bella
784 3537 912 3609 vetabat,

167 3627 320 3687 Demisere
335 3628 409 3701 neci,
426 3647 505 3688 nunc
520 3647 635 3689 cassum
651 3628 761 3689 lumine
776 3630 895 3706 lugent:

167 3720 216 3781 Illi
230 3741 278 3780 me
293 3721 432 3781 comitem
447 3733 477 3783 et
491 3720 746 3798 consanguinitate
761 3721 960 3798 propinquum

167 3816 283 3891 Pauper
297 3813 326 3873 in
342 3833 423 3874 anna
436 3825 520 3891 pater
534 3814 634 3892 primis
649 3815 706 3874 huc
721 3813 800 3874 misit
814 3815 852 3874 ab
866 3813 960 3875 annis

168 3908 247 3966 Dum
262 3908 361 3969 stabat
374 3926 465 3984 regno
480 3906 636 3968 incolumis
650 3926 809 3984 regumque
823 3906 942 3983 vigebat

167 4000 316 4073 Consiliis,
332 4010 362 4060 et
377 4018 432 4060 nos
447 3999 568 4077 aliquod
583 4018 752 4077 nomenque
767 4000 917 4076 decusque

168 4091 328 4155 Gessimus
372 4092 491 4154 Invidia
504 4105 663 4172 postquam
678 4093 799 4172 pellacis
815 4092 947 4154 Ulixi-
