2610 4926
252 729 297 803 4⁶
588 744 614 787 P.
637 742 737 788 ovmrr
759 743 893 789 uasours
921 754 923 758 ⁴

254 886 472 948 Conscendunt
486 887 517 947 in
531 905 634 964 equos,
649 889 800 967 Tyrioque
815 889 952 950 rubentia
965 907 1039 951 suco

253 984 352 1060 Terga
366 991 505 1059 premunt
518 1000 651 1059 auroque
663 1001 767 1061 graves
781 983 973 1043 moderantur
986 983 1128 1045 habenas.

255 1077 281 1135 E
295 1075 404 1151 quibus
418 1076 565 1148 Ismenos,
580 1076 632 1151 qui
645 1075 731 1134 matri
745 1076 863 1135 sarcina
875 1077 1029 1152 quondam

254 1169 353 1228 Prima
366 1187 437 1229 suae
452 1168 554 1242 suerat,
570 1168 642 1228 dum
656 1178 770 1228 certum
783 1168 875 1229 flectit
889 1170 920 1228 in
935 1170 1040 1230 orbem

254 1248 465 1339 Quadrupedis
479 1280 583 1321 cursus
597 1262 825 1339 spumantiaque
839 1281 891 1322 ora
904 1266 1031 1337 coercet,

255 1354 317 1413 Hei
331 1354 420 1413 mihil
442 1355 610 1414 conclamat
625 1353 784 1430 medioque
798 1355 829 1414 in
844 1365 965 1433 pectore
978 1357 1056 1418 fixus

252 1447 329 1506 Tela
342 1448 424 1526 gerit,
440 1447 590 1523 frenisque
604 1467 695 1507 manu
708 1449 854 1509 moriente
869 1449 999 1510 remissis

253 1540 291 1598 In
306 1540 383 1599 latus
397 1558 416 1600 a
429 1539 534 1601 dextro
548 1540 700 1617 paullatim
715 1540 820 1602 defluit
833 1561 923 1601 armo.

252 1631 418 1704 Proximus,
433 1631 535 1691 audito
549 1632 648 1692 sonitu
662 1651 717 1710 per
730 1632 818 1692 inane
832 1635 997 1710 pharetrae,

253 1725 351 1784 Frena
364 1725 456 1784 dabat
471 1725 598 1803 Sipylus,
614 1725 705 1785 veluti
721 1745 812 1803 quum
827 1727 978 1804 praescius
992 1727 1096 1790 imbris

252 1818 342 1878 Nube
357 1819 429 1895 sugit
443 1819 507 1877 visa
520 1818 742 1896 pendentiaque
756 1820 889 1898 undique
904 1832 1002 1881 rector

252 1913 386 1972 Carbasa
400 1911 530 1984 deducit,
545 1930 584 1972 ne
599 1931 658 1989 qua
672 1912 747 1972 levis
760 1913 860 1973 effluat
874 1933 953 1974 aura

252 2008 349 2065 Frena
362 2016 463 2064 tamen
477 2005 599 2066 dantem
614 2025 675 2066 non
690 2007 829 2066 evitabile
843 2008 936 2066 telum

252 2099 463 2176 Consequitur,
479 2117 653 2176 summaque
668 2109 799 2159 tremens
813 2101 929 2160 cervIce
943 2099 1053 2179 sagitta

253 2191 369 2264 Haesit,
385 2201 416 2252 et
429 2192 566 2252 exstabat
579 2192 692 2252 nudum
706 2193 745 2252 de
759 2203 875 2270 gutture
890 2194 1008 2253 sermm.

253 2285 317 2357 Ille,
333 2295 366 2344 ut
380 2294 442 2344 erat
456 2286 576 2361 prorius,
591 2304 645 2362 per
658 2286 737 2344 colla
750 2285 881 2346 admissa
900 2274 1049 2364 jubasque
1153 2274 1158 2282 ’

252 2377 396 2450 Volvitur,
412 2388 442 2437 et
456 2377 555 2437 calido
569 2379 702 2437 tellurem
718 2379 862 2454 sanguine
877 2379 984 2439 foedat

253 2470 434 2542 Phaedimus
449 2471 550 2530 infelix
564 2480 593 2530 et
607 2470 677 2530 aviti
692 2471 821 2530 nominis
836 2472 923 2531 heres

251 2564 406 2636 Tantalus,
421 2573 455 2623 ut
469 2565 558 2623 solito
572 2564 661 2622 finem
677 2565 845 2640 imposuere
860 2565 964 2639 labori,

251 2656 445 2716 Transierant
459 2657 497 2716 ad
510 2676 587 2734 opus
601 2655 713 2716 nitidae
725 2657 857 2736 juvenile
871 2659 1036 2735 palaestrae
1048 2680 1056 2732 ;

253 2751 292 2808 Et
310 2750 373 2826 jam
387 2750 575 2809 contulerant
588 2760 653 2808 arto
668 2748 809 2809 luctantia
824 2769 902 2809 nexu

253 2843 378 2901 Pectora
392 2841 571 2918 pectoribus,
588 2862 678 2918 quum
693 2851 777 2901 tento
791 2843 909 2902 concita
923 2862 1024 2917 nervo,

253 2935 337 2994 Sicut
351 2945 436 2995 erant
453 2935 557 3014 juncti,
573 2935 688 3015 trajecit
702 2944 858 3012 utmmque
873 2935 988 3014 sagitta

254 3030 431 3107 Ingemuere
446 3028 542 3102 simul,
559 3029 646 3088 simul
662 3028 813 3087 incurvata
827 3029 931 3088 dolore

253 3122 393 3181 Membra
406 3123 472 3181 solo
486 3141 620 3199 posuere,
637 3122 725 3181 simul
739 3140 878 3198 suprema
895 3123 1031 3201 jacentes
1137 3111 1143 3121 ’

253 3214 381 3274 Lumina
395 3225 558 3288 versarunt,
574 3215 704 3274 animam
719 3215 806 3274 simul
821 3215 1004 3274 exhalarunt

253 3309 393 3385 Adspicit
407 3309 562 3385 Alphenor
577 3308 746 3384 laniataque
760 3318 881 3383 pectora
895 3309 1041 3385 plangens

253 3402 393 3474 Advolat,
408 3412 441 3461 ut
454 3402 571 3479 gelidos
585 3401 790 3478 complexibus
804 3401 912 3459 allevet
926 3411 1015 3475 artus,

253 3497 351 3570 Inque
366 3495 416 3571 pio
430 3495 510 3554 cadit
524 3495 641 3554 officio:
662 3513 731 3552 nam
746 3493 852 3552 Delius
867 3493 910 3551 illi

253 3589 365 3647 Intima
379 3588 495 3647 fatifero
509 3587 587 3664 rupit
601 3586 775 3663 praecordia
789 3586 885 3657 ierr03
982 3580 985 3585 ’

253 3681 345 3754 Quod
360 3680 447 3741 simul
462 3680 603 3740 eductum
617 3689 672 3751 est,
687 3696 755 3755 pars
770 3687 815 3736 est
829 3675 980 3754 pulmonis
994 3675 1025 3735 in
1039 3676 1136 3739 hamis

254 3777 354 3847 Eruta,
370 3791 498 3848 cumque
512 3771 611 3831 anima
625 3789 711 3831 cruor
724 3780 771 3828 est
784 3770 894 3829 effusus
909 3770 939 3827 ln
954 3789 1049 3830 auras.

254 3869 294 3927 At
308 3886 369 3926 non
385 3866 537 3925 intonsum
551 3864 678 3940 simplex
693 3862 949 3921 Damasichthona
962 3863 1070 3923 vulnus

256 3960 374 4020 Allicit:
394 3959 470 4017 ictus
484 3968 556 4030 erat,
571 3974 631 4032 qua
644 3974 710 4015 crus
724 3973 791 4014 esse
806 3955 910 4032 incipit
924 3966 954 4014 et
968 3974 1029 4031 qua
1195 3982 1232 4021 ις,

255 4053 361 4112 Mollia
375 4051 508 4111 nodosus
522 4050 592 4109 facit
607 4047 776 4108 internodia
790 4049 905 4125 poples,

255 4148 395 4222 Dumque
409 4163 500 4204 manu
514 4152 610 4204 tentat
623 4143 738 4203 trahere
752 4141 902 4203 exitiabile
917 4142 1017 4216 telum,
