2610 4926
167 742 221 801 ¹³²
479 737 506 780 r.
529 737 661 781 vinoun
682 738 825 785 utcontra

162 883 311 958 Quocirca
324 899 431 959 capere
445 892 516 943 ante
529 882 608 944 dolis
621 894 653 944 et
665 884 785 963 cingere
798 882 919 946 flamna

162 975 312 1054 Reginam
326 974 462 1049 meditor,
477 993 517 1034 ne
531 994 592 1053 quo
605 996 639 1037 se
652 978 774 1038 numine
788 988 892 1052 mutet,

163 1069 223 1129 Sed
238 1087 348 1146 magno
363 1070 485 1128 Aeneae
498 1087 616 1129 mecum
630 1080 765 1130 teneatur
777 1088 887 1131 amore.
1086 1078 1115 1133 itt

162 1162 232 1235 Qua
246 1161 343 1220 iacere
358 1161 388 1220 id
402 1161 509 1238 possis,
524 1172 655 1221 nostram
669 1181 750 1223 nunc
762 1162 866 1241 accipe
878 1172 1029 1225 mentem
1058 1224 1064 1237 ,

162 1255 276 1333 Regius
290 1254 387 1313 accitu
401 1253 462 1313 cari
474 1253 617 1331 genitoris
629 1254 669 1315 ad
682 1254 787 1315 urbem

163 1347 318 1407 Sidoniam
332 1366 407 1423 puer
420 1345 462 1405 ire
476 1358 569 1423 parat,
583 1365 652 1407 mea
663 1346 793 1408 maxima
804 1366 885 1421 cura,

163 1441 254 1499 Dona
267 1439 373 1512 serens,
388 1439 497 1517 pelago
511 1451 541 1500 et
554 1440 683 1500 flammis
696 1440 839 1501 restantia
850 1440 981 1521 Trojae3

163 1534 256 1591 Hunc
270 1551 327 1610 ego
341 1530 471 1608 sopitum
485 1550 591 1592 somno
604 1534 768 1610 supersita
780 1534 912 1613 Cythera

162 1626 225 1685 Aut
239 1643 329 1701 super
343 1624 472 1684 Idalium
486 1634 603 1685 sacrata
615 1625 689 1686 sede
702 1626 872 1701 recondam,

163 1719 211 1777 Ne
226 1737 285 1794 qua
300 1717 375 1777 scire
389 1717 478 1777 dolos
491 1718 645 1778 mediusve
657 1736 813 1779 occurrere
826 1718 931 1797 possit.

162 1811 210 1870 Tu
225 1810 330 1871 faciem
346 1810 424 1869 illius
439 1820 558 1870 noctem
572 1829 632 1870 non
646 1811 774 1888 amplius
786 1830 878 1872 unam

164 1903 247 1964 Falic
261 1902 341 1976 dolo,
356 1913 387 1962 et
401 1912 490 1963 notos
503 1903 588 1979 pueri
601 1922 676 1981 puer
687 1902 779 1965 indue
791 1904 900 1979 vultus,

164 1997 216 2069 Ut,
232 2015 324 2074 quum
338 2006 367 2055 te
381 1995 495 2073 gremio
508 1994 635 2073 accipiet
648 1996 810 2057 laetissima
823 1996 907 2057 Dido

163 2089 295 2169 Regales
310 2089 386 2149 inter
398 2107 519 2148 mensas
533 2088 712 2166 laricemque
725 2090 867 2169 Lyaeum,

163 2184 264 2259 Quum
279 2182 363 2243 dabit
376 2182 530 2259 amplexus
544 2194 634 2258 atque
646 2183 750 2242 oscula
761 2182 864 2242 dulcia
876 2181 954 2261 figet,

163 2276 323 2337 Occultum
339 2275 462 2351 inspires
477 2274 576 2352 ignem
591 2273 735 2351 fallasque
747 2293 873 2335 veneno.

164 2371 252 2428 Paret
267 2372 362 2428 Amor
375 2368 464 2427 dictis
478 2386 562 2427 carae
576 2368 745 2445 genetricis,
760 2380 790 2429 et
803 2369 867 2429 alas

165 2461 261 2533 Exuit,
278 2474 308 2521 et
321 2480 425 2540 gressu
439 2460 572 2539 gaudens
587 2460 698 2520 incedit
713 2461 778 2521 Iuli

163 2557 205 2614 At
218 2557 323 2614 Venus
336 2554 468 2614 Ascanio
481 2553 629 2630 placidam
643 2572 696 2630 per
710 2554 843 2628 meqrbra
856 2552 984 2630 quietem

165 2648 281 2725 Irrigat,
297 2659 328 2706 et
342 2647 436 2707 fotum
450 2646 563 2725 gremio
577 2646 635 2705 dea
649 2646 725 2705 tollit
739 2648 769 2705 in
784 2646 861 2705 altos

165 2741 279 2800 Idaliae
295 2741 388 2812 lucos,
403 2740 454 2799 ubi
469 2739 567 2798 mollis
581 2758 734 2799 amaracus
748 2738 831 2797 illum

165 2834 304 2895 Floribus
318 2845 348 2892 et
363 2833 443 2891 dulci
458 2831 614 2909 adspirans
628 2832 835 2909 complectitur
848 2831 959 2891 umbra.
999 2848 1003 2855 '

204 2931 331 3005 Jamque
347 2927 408 2985 ibat
421 2926 503 2985 dicto
518 2944 625 3003 parens
640 2936 670 2984 et
683 2927 763 2984 dona
778 2924 897 3000 Cupido

166 3021 261 3098 Regia
275 3020 413 3097 portabat
427 3019 533 3097 Tyriis,
549 3019 625 3078 duce
641 3019 734 3077 laetus
748 3018 872 3077 Achate.

164 3116 265 3191 Quum
280 3113 370 3185 venit,
385 3112 497 3171 aulaeis
516 3114 577 3187 jam
593 3130 626 3171 se
640 3111 742 3189 regina
755 3109 893 3187 superbis

166 3211 264 3267 Aurea
278 3205 445 3282 composuit
458 3205 576 3281 sponda
589 3203 777 3278 mediamque
791 3203 907 3262 locavit.

164 3304 232 3377 Jam
246 3310 330 3377 pater
345 3302 465 3358 Aeneas
479 3308 510 3357 et
527 3298 589 3376 jam
603 3297 734 3376 Troiana
751 3296 891 3374 juventus

166 3391 366 3463 Conveniunt,
382 3404 534 3467 stratoque
549 3409 637 3467 super
651 3389 845 3449 discumbitur
859 3399 948 3448 ostr0.
1083 3396 1114 3437 ²·

168 3486 249 3545 liant
264 3485 364 3542 famuli
379 3483 516 3543 manibus
531 3484 675 3561 bmphaS,
691 3483 890 3558 Cereremque
903 3479 1038 3543 canistris

168 3577 346 3654 Expediuut,
363 3577 517 3653 tonsisque
532 3576 629 3634 serunt
644 3574 882 3634 manteliavillis.

168 3670 393 3747 Quinquaginta
409 3669 487 3728 intus
502 3669 638 3739 famulae,
655 3667 761 3744 quibus
775 3668 879 3727 ordine
894 3668 1012 3748 longam

167 3768 247 3823 i'urn
261 3783 371 3840 penum
386 3774 507 3835 struere,
524 3772 554 3821 et
568 3761 828 3820 flammis·adolere
844 3762 992 3838 Penates;

168 3860 298 3916 Centum
320 3858 394 3918 aiine
410 3857 595 3931 totidemque
610 3873 696 3932 pares
711 3864 806 3913 aetate
821 3853 955 3929 ministri,
1087 3856 1116 3901 Μ

168 3951 228 4025 Qui
244 3949 372 4027 dapibus
386 3967 506 4008 mensas
520 3957 644 4007 onerent
659 3955 689 4005 et
703 3947 810 4023 pocula
823 3958 946 4023 ponant.

171 4045 236 4103 Nec
251 4062 310 4101 non
326 4054 356 4101 ct
370 4042 451 4120 Turi
465 4060 519 4118 per
533 4040 635 4099 limina
648 4040 725 4098 laeta
739 4039 909 4115 frequentes

171 4139 357 4208 Convenere,
374 4134 445 4195 toris
463 4134 538 4213 jussi
552 4132 740 4192 discumbere
753 4131 850 4210 pictis.
