2610 4926
240 721 280 779 30
575 718 600 760 r.
624 717 723 761 ovmrr
745 717 880 762 xxsours

239 861 332 935 Vidit,
348 871 379 921 et
392 862 551 922 obscurum
566 863 670 922 timido
684 863 762 939 pede
776 863 850 941 rugit
864 863 894 921 in
908 873 1035 938 antrum,
1178 896 1216 927 m

240 956 381 1030 Dumque
396 954 477 1031 fugit,
494 965 578 1032 tergo
592 955 740 1013 velamina
753 956 838 1031 lapsa
852 955 979 1033 reliquit.

239 1047 285 1106 Ut
298 1048 345 1106 lea
360 1066 447 1106 saeva
462 1047 540 1107 sitim
555 1048 648 1106 multa
661 1049 846 1124 compescuit
859 1050 950 1121 unda,

240 1140 321 1198 Dum
337 1140 413 1199 redit
428 1141 459 1198 in
473 1141 571 1212 silvas,
588 1140 726 1199 inventos
741 1140 814 1200 sorte
829 1141 894 1201 sine
908 1142 975 1220 ipsa

239 1233 301 1292 Ore
315 1243 469 1292 cruentato
484 1243 588 1291 tenues
603 1232 724 1291 laniavit
738 1233 871 1294 amictus.

240 1326 341 1384 Serius
356 1344 491 1402 egressus
505 1324 630 1403 vestigia
644 1325 726 1384 videt
740 1325 771 1384 in
785 1326 846 1385 alto

239 1419 364 1477 Pulvere
378 1429 459 1477 certa
473 1418 553 1477 serae
567 1427 691 1493 totoque
705 1419 847 1495 expalluit
861 1437 913 1479 ore

240 1512 391 1588 Pyramus.
434 1512 478 1570 Ut
492 1529 564 1569 vero
578 1520 692 1569 vestem
706 1529 827 1588 quoque
840 1512 984 1590 sanguine
999 1513 1122 1575 tinctam

213 1644 217 1653 -
238 1602 381 1679 Repetit:
410 1603 481 1663 Una
495 1604 578 1675 duos,
595 1601 699 1679 inquit,
715 1623 775 1663 nox
788 1605 894 1682 perdet
908 1616 1042 1666 amantes
1056 1629 1063 1666 ε

238 1696 265 1753 Ε
279 1695 386 1770 quibus
402 1695 451 1754 illa
466 1695 521 1754 luit
534 1696 624 1774 longa
638 1695 812 1775 dignissima
826 1698 905 1772 vita3
948 1700 951 1707 '

238 1789 349 1847 Nostra
365 1806 476 1848 nocens
489 1788 589 1848 anima
603 1800 666 1848 est:
687 1808 744 1867 ego
758 1800 796 1862 te,
811 1790 988 1864 miseranda,
1003 1791 1125 1868 peremi,
1175 1822 1213 1852 no

238 1881 276 1940 In
290 1880 356 1940 loca
370 1881 460 1957 plena
473 1890 570 1941 metus
585 1881 636 1958 qui
648 1882 723 1958 jussi
738 1893 826 1942 nocte
839 1883 966 1955 venires,

237 1974 266 2031 N
269 1992 304 2031 ec
319 1974 398 2049 prior
413 1974 470 2032 huc
485 1975 562 2034 veni.
606 1978 750 2035 Nostrum
765 1976 897 2035 divellite
911 1994 1028 2052 corpus,

237 2067 276 2125 Et
290 2068 434 2125 scelerata
448 2067 510 2126 sero
524 2068 691 2127 consumite
704 2066 819 2127 viscera
832 2087 942 2141 morsu,

236 2159 265 2218 Ο
280 2159 460 2236 quicumque
475 2162 530 2220 sub
544 2160 601 2220 hac
614 2160 754 2219 habitatis
767 2179 849 2237 rupe,
865 2162 987 2220 leonesl

238 2252 297 2311 Sed
313 2252 408 2310 timidi
423 2262 469 2311 est
484 2262 587 2328 optare
602 2271 706 2312 necem
719 2257 725 2311 l
736 2254 943 2312 —Velamina
956 2253 1088 2315 Thisbes
1175 2281 1211 2320 ιι,

236 2344 337 2417 Tollit,
354 2354 384 2403 et
398 2344 437 2403 ad
451 2357 556 2422 pactae
571 2363 672 2404 secum
687 2346 744 2405 lert
758 2346 872 2405 arboris
886 2347 1021 2406 umbram
1033 2369 1042 2422 ;

236 2437 340 2512 thue
355 2437 439 2497 dedit
454 2449 543 2497 notae
557 2438 702 2511 lacrimas,
717 2438 800 2497 dedit
815 2439 926 2511 oscula,
942 2439 1026 2510 vesti,

237 2530 351 2607 Accipe
366 2550 454 2604 nunc,
471 2530 574 2606 inquit,
590 2531 684 2589 nostri
700 2550 820 2607 quoque
835 2530 987 2609 sanguinis
1002 2532 1141 2594 haustus!

237 2624 367 2700 Quoque
382 2635 444 2684 erat
458 2625 618 2696 accinctus,
635 2624 755 2683 demisit
770 2625 800 2682 in
815 2623 865 2682 ilia
879 2625 996 2684 serrum.

237 2719 303 2776 Nec
318 2737 408 2791 mora,
424 2718 548 2777 ferventi
562 2718 692 2777 moriens
707 2736 724 2776 e
739 2718 860 2776 vulnere
875 2718 970 2790 traxit,
1173 2745 1211 2774 m

237 2812 276 2870 Et
294 2812 386 2889 jacuit
400 2810 557 2887 resupinus
570 2811 672 2869 humi:
693 2829 779 2869 cruor
792 2810 900 2869 emicat
914 2811 981 2883 alte,

237 2906 308 2964 Non
323 2904 407 2964 aliter
420 2923 510 2979 quam
525 2923 616 2980 quum
629 2904 733 2963 vitiato
747 2903 846 2962 fistula
860 2903 984 2979 plumbo

236 2999 385 3058 Scinditur
399 3009 430 3058 et
444 2997 525 3057 tenui
540 2998 683 3057 stridente
698 2996 842 3056 foramine
857 2997 962 3074 longas

237 3093 407 3170 Ejaculatur
420 3110 522 3167 aquas,
537 3101 627 3167 atque
642 3090 750 3149 ictibus
765 3091 834 3149 aera
847 3089 965 3165 rumpit

237 3185 364 3244 Arborei
378 3184 456 3244 letus
470 3184 647 3261 adspergine
661 3183 762 3242 caedis
776 3183 807 3241 in
822 3193 916 3242 atram
984 3220 986 3225 -

235 3279 399 3337 Vertuutur
413 3277 527 3350 faciem,
543 3276 768 3352 madefactaque
783 3276 927 3354 sanguine
941 3274 1025 3335 radix
1076 3261 1081 3270 ⁵

237 3370 368 3429 Puniceo
383 3371 469 3448 tingit
483 3368 645 3446 pendentia
659 3388 741 3428 mora
755 3370 863 3428 colore.

237 3464 315 3522 Ecce
331 3473 411 3522 metu
426 3464 559 3521 nondum
573 3462 680 3538 posito,
696 3480 734 3520 ne
748 3461 831 3520 sallat
845 3471 1004 3532 amantem,

236 3557 295 3614 llla
309 3556 393 3627 redit,
406 3556 607 3632 juvenemque
621 3555 716 3614 oculis
730 3555 890 3630 animoque
905 3551 1034 3628 requirit,

237 3649 416 3724 Quantaque
429 3647 527 3706 vitarit
541 3666 658 3707 narrare
672 3647 805 3725 pericula
817 3647 906 3724 gestit
917 3666 926 3719 3
1172 3672 1210 3711 ιφ

236 3742 339 3817 thue
354 3740 497 3799 locum'et
510 3741 605 3799 visam
619 3739 759 3818 cognovit
773 3739 804 3796 in
815 3739 920 3798 arbore
935 3738 1059 3797 sormam
1071 3772 1112 3782 -

237 3834 286 3893 Sic
301 3834 370 3892 lacit
385 3834 524 3892 incertam
538 3833 620 3910 pomi
634 3832 884 3904 color—haeret,
900 3851 938 3889 an
954 3832 1027 3890 haec
1042 3831 1089 3891 sit

237 3927 317 3986 Dum
332 3927 456 3999 dubitat,
472 3926 668 3986 tremebunda
682 3924 762 3983 videt
776 3924 894 4001 pulsare
907 3935 1064 3984 cruentum

237 4021 375 4078 Membra
389 4020 495 4093 solum,
511 4031 649 4095 retroque
663 4018 771 4094 pedem
786 4016 861 4090 tulit,
876 4036 988 4094 oraque
1003 4018 1084 4078 buxo

236 4112 397 4172 Pallidiora
409 4131 517 4189 gerens
531 4111 681 4172 exhorruit
695 4110 833 4187 aequoris
847 4110 949 4184 instar,
