2610 4926
502 689 684 733 GEORGICON
706 689 763 734 ΗΒ.
787 691 807 733 Ι.

202 833 276 908 Quam
288 833 386 911 quibus
401 832 433 893 in
448 833 574 911 patriam
587 846 712 896 ventosa
725 855 778 913 per
792 855 922 914 aequora
934 836 1028 899 vectis

200 926 286 986 Pontus
299 939 326 988 et
338 927 465 988 ostriferi
480 929 580 988 fauces
595 939 746 988 tentantur
758 931 875 1008 Abydi·

199 1019 266 1080 Libra
277 1020 320 1081 die
333 1021 493 1097 somnique
507 1040 592 1098 pares
605 1021 657 1081 ubi
671 1021 773 1082 lecerit
786 1022 883 1097 horas,

198 1112 349 1174 litmedium
363 1113 424 1174 luci
439 1123 530 1190 atque
544 1113 656 1174 umbris
669 1117 731 1192 jam
746 1114 851 1174 dividit
865 1116 978 1191 orbem,

196 1205 318 1281 Exercete,
333 1206 395 1280 viri,
412 1217 523 1280 tauros,
539 1207 627 1267 serite
641 1207 754 1268 hordea
767 1208 889 1286 campis,
1107 1241 1144 1270 ,ιο

196 1298 275 1377 Usque
287 1303 340 1361 sub
354 1311 521 1361 extremum
535 1300 657 1360 brumae
672 1299 864 1361 intractabilis
878 1300 1024 1377 imbrem3

192 1390 242 1452 Nec
253 1413 307 1454 non
321 1406 351 1455 et
365 1393 419 1454 lini
434 1403 566 1471 segetem
580 1403 610 1453 et
626 1395 751 1453 Cereale
765 1413 895 1471 papaver

190 1484 299 1564 Tempus
312 1488 404 1547 humo
419 1499 527 1564 tegere,
542 1497 573 1547 et
583 1486 761 1563 jamdudum
776 1486 947 1548 incumbere
961 1486 1071 1564 nauis,

188 1577 251 1638 Dum
264 1581 340 1641 sicca
353 1581 457 1641 tellure
472 1579 549 1654 licet,
565 1579 637 1652 dum
653 1579 754 1639 nubila
767 1580 908 1656 pendent

186 1671 247 1732 Vere
259 1673 332 1733 labis
346 1675 442 1748 satio;
462 1683 525 1733 tum
539 1684 569 1733 te
584 1690 712 1750 quoque,
730 1672 860 1746 Medica,
876 1684 976 1749 putres
1106 1703 1143 1742 ,ις

184 1766 325 1843 Accipiunt
340 1765 424 1839 sulci,
440 1776 470 1826 et
483 1765 565 1827 milio
578 1765 661 1826 venit
674 1783 773 1824 annua
787 1783 865 1838 cura,

182 1857 320 1919 Candidus
332 1858 441 1918 auratis
455 1859 550 1937 aperit
563 1878 653 1936 quum
668 1857 808 1918 cornibus
822 1876 933 1917 annum

179 1951 288 2025 Taurus,
303 1963 334 2013 et
347 1953 473 2012 adverso
486 1953 596 2012 cedens
611 1952 703 2014 Canis
717 1950 828 2011 occidit
842 1962 930 2012 astro.

176 2046 210 2103 ult
222 2044 245 2103 si
258 2044 401 2105 triticeam
415 2045 447 2104 in
461 2064 588 2106 messem
601 2048 782 2123 robustaque
795 2045 872 2104 sanna

177 2137 324 2201 Exercebis
338 2139 461 2198 humum
477 2139 606 2216 solisque
621 2139 745 2199 instabis
759 2137 864 2211 aristis,

175 2232 246 2290 Ante
260 2231 312 2290 tibi
327 2233 411 2291 ane
425 2231 595 2292 Atlantides
609 2232 830 2292 abscondantur

175 2323 337 2400 Gnosiaque
351 2325 483 2384 ardentis
497 2326 624 2385 decedat
638 2326 722 2385 stella
738 2327 884 2398 Coronae,

176 2416 279 2475 Debita
292 2436 382 2494 quam
397 2417 485 2477 sulcis
500 2418 668 2478 committas
683 2417 803 2492 semina,
820 2437 970 2496 quamque

174 2509 281 2570 Invitae
296 2529 436 2587 properes
450 2511 520 2571 anni
534 2531 618 2589 spem
633 2513 752 2572 credere
767 2523 868 2572 terrae.

173 2602 256 2662 Multi
269 2615 338 2662 ante
352 2622 492 2663 occasum
508 2607 608 2665 Maiae
622 2624 767 2683 coepere,
787 2606 839 2665 sed
855 2605 921 2666 illos
1105 2634 1141 2673 ως

173 2695 345 2773 Exspectata
359 2716 444 2774 seges
458 2697 542 2757 uanis
557 2699 643 2758 elusit
657 2687 759 2758 aristis.

172 2789 200 2846 Si
213 2809 279 2849 vero
293 2789 460 2867 siciamque
475 2810 553 2850 seres
567 2787 716 2868 vilemque
731 2793 885 2868 phaselum

171 2883 231 2942 Nec
247 2883 415 2943 Pelusiacae
430 2903 530 2943 curam
545 2887 740 2962 aspernabere
755 2885 850 2959 lentiS,

170 2976 257 3035 Haud
271 2977 398 3036 obscura
411 2978 523 3037 cadens
536 2978 633 3038 mittet
648 2978 701 3037 tibi
716 2978 799 3055 signa
815 2981 942 3039 Bootes:

170 3068 277 3146 Incipe,
293 3080 323 3129 et
339 3070 376 3128 ad
391 3070 505 3129 medias
519 3082 682 3131 sementem
698 3072 824 3131 extende
840 3073 966 3148 pruinas.
1104 3099 1142 3138 ψ

207 3163 321 3222 idcirco
336 3163 423 3222 certis
437 3165 605 3223 dimensum
619 3164 751 3241 partibus
765 3166 869 3224 orbem

168 3255 221 3313 Per
234 3256 373 3315 duodena
387 3257 461 3332 regit
474 3258 578 3316 mundi
592 3259 643 3317 Sol
658 3277 762 3317 aureus
777 3269 862 3317 astra

166 3348 303 3424 Quinque
318 3360 420 3408 tenent
435 3350 552 3409 coelum
568 3369 681 3423 zonae,
698 3371 821 3427 quarum
838 3370 896 3410 una
910 3369 1035 3411 corusco

165 3441 284 3517 Semper
298 3443 361 3501 sole
376 3443 485 3502 rubens
500 3454 529 3503 et
544 3444 654 3503 torrida
668 3463 784 3521 semper
799 3446 837 3503 ab
852 3444 932 3521 igni,

166 3534 261 3607 Quam
277 3535 389 3593 circum
405 3547 552 3596 extremae
567 3537 670 3596 dextra
683 3538 825 3613 laevaque
840 3539 1002 3612 trahuntur,
1104 3567 1140 3606 233

166 3627 308 3686 Caerulea
321 3627 418 3704 glacie
432 3641 589 3689 concretae
604 3641 693 3706 atque
709 3629 852 3689 imbribus
866 3631 957 3706 atris;

165 3720 229 3778 Has
244 3719 319 3779 inter
333 3721 521 3797 mediamque
537 3723 615 3782 duae
630 3722 805 3782 mortalibus
821 3723 915 3800 aegris

164 3814 289 3873 Munere
304 3833 466 3874 concessae
481 3814 591 3888 diuum,
608 3826 638 3876 et
651 3815 699 3874 via
714 3826 796 3876 secta
810 3835 863 3893 per
877 3818 989 3890 ambas,

162 3906 308 3983 Obliquus
323 3927 384 3983 qua
398 3926 430 3967 se
445 3907 595 3985 signorum
610 3919 736 3968 verteret
750 3910 831 3969 ordo.

162 4000 303 4073 Mundus,
320 4011 353 4059 ut
368 4000 407 4059 ad
423 4000 572 4078 Scythiam
589 4001 799 4079 Rmpaeasque
814 4003 921 4061 arduus
939 4021 1020 4062 arces
1103 4031 1140 4067 ψ

159 4094 329 4170 Consurgit,
345 4093 489 4171 premitur
505 4093 617 4172 Libyae
632 4095 762 4155 devexus
777 4095 807 4155 in
822 4107 945 4156 austros.
