2610 4926
87 39 1269 295 -

428 651 431 655 ’
464 665 623 710 nanninus
644 665 702 709 nra.
722 666 742 709 1.

88 827 95 840 ·
161 810 214 870 Hoc
224 823 342 885 metuens,
357 810 530 887 molemque
544 821 574 871 et
588 822 705 872 montes
720 811 841 889 insuper
854 810 932 873 altos

159 904 277 980 Inposuit,
288 923 441 982 regemque
456 903 549 977 dedit,
564 905 615 980 qui
630 905 748 964 foedere
763 917 845 965 certo

158 996 185 1055 Et
194 1017 300 1074 premere
312 1010 340 1059 et
353 999 437 1057 laxas
452 997 539 1056 sciret
554 998 623 1056 dare
636 1000 737 1074 jussus
752 998 891 1058 habenas.

156 1089 191 1148 Ad
201 1110 271 1167 quern
284 1104 341 1150 tum
353 1093 436 1169 Juno
451 1090 577 1166 supplex
590 1089 636 1150 his
651 1091 773 1150 vocibus
787 1110 840 1151 usa
854 1102 898 1150 est
912 1113 919 1149 ε

182 1185 261 1256 leole,
274 1203 397 1261 namque
412 1182 468 1242 tibi
479 1182 584 1243 <divum
598 1195 683 1260 pater
696 1192 785 1259 atque
800 1183 955 1242 hominum
969 1202 1022 1244 rex
1067 1200 1093 1247 ss

155 1274 294 1338 Etnulcere
307 1279 390 1337 dedit
404 1276 513 1336 fluctus
527 1286 556 1335 et
571 1277 673 1335 tollere
688 1288 787 1349 vento,

152 1368 211 1427 Gens
222 1370 328 1430 inimica
341 1369 413 1429 mihi
428 1369 615 1446 Tyrrhenum
630 1369 748 1446 navigat
762 1388 882 1444 aequor,

150 1460 215 1520 Ilium
226 1463 250 1522 in
264 1464 379 1523 ltaliam
394 1474 517 1540 portans
531 1461 685 1538 victosque
701 1464 845 1521 Penates:

148 1553 228 1615 Incute
238 1557 291 1615 vim
304 1555 401 1617 ventis
414 1557 642 1631 submersasque
657 1557 749 1615 obrue
764 1575 889 1632 puppes,

146 1647 192 1705 Aut
202 1667 246 1725 age
258 1650 387 1709 diversos
401 1661 432 1709 et
446 1647 550 1725 disjice
564 1667 690 1725 corpora
707 1659 808 1724 ponto.
1065 1679 1092 1715 70

120 1754 123 1761 ’
146 1738 202 1798 Sunt
213 1742 275 1800 mihi
289 1741 335 1801 bis
348 1754 464 1818 septem
479 1741 638 1817 praestanti
653 1760 777 1817 corpore
792 1739 959 1817 Nymphae,

142 1830 246 1904 Qumm
259 1853 334 1911 quae
348 1835 444 1894 forma
458 1833 653 1925 pulcherrima
668 1833 811 1910 Deiopea,

141 1922 272 1987 Conuubio
281 1928 405 2007 jungam
418 1910 517 1986 st'abiti
531 1927 739 2004 propriamque
754 1925 871 1998 dicabo,

139 2015 229 2078 Omnes
241 2032 272 2079 ut
285 2032 384 2080 tecum
397 2018 509 2079 meritis
522 2038 576 2096 pro
592 2019 699 2079 talibus
714 2037 809 2078 annos

139 2107 222 2186 Erigat
233 2124 261 2171 et
273 2113 395 2190 pulchra
408 2112 497 2172 faciat
511 2124 540 2171 te
554 2112 637 2188 prole
652 2123 812 2188 parentem
1064 2138 1089 2176 rr

169 2205 264 2264 Aeolus
276 2206 350 2265 haec
365 2216 487 2266 contra:
507 2206 598 2278 Tuus,
615 2223 634 2263 o
648 2205 757 2281 regina,
774 2202 847 2281 quid
860 2213 955 2280 optes,

138 2293 271 2371 Explorare
286 2299 390 2372 labor;
410 2297 482 2356 mihi
495 2299 577 2376 jussa
590 2317 746 2374 capessere
761 2297 805 2357 fas
819 2309 873 2356 est.

136 2387 173 2445 Tu
184 2391 253 2463 mihi,
267 2392 475 2468 quodcumque
490 2392 547 2450 hoc
561 2391 652 2468 regni,
669 2402 700 2450 tu
715 2403 830 2467 sceptra
843 2393 1010 2467 Jovemque

135 2480 269 2556 Concilias,
285 2497 317 2544 tu
330 2486 384 2544 das
398 2484 492 2560 epulis
506 2485 680 2544 accumbere
695 2485 804 2556 divum,

135 2573 345 2653 Nimborumque
360 2578 431 2636 facis
445 2588 712 2654 tempestatumque
727 2588 888 2654 potentem.
1062 2595 1088 2635 ao

167 2668 238 2729 Haec
252 2671 301 2730 ubi
317 2671 405 2743 dicta,
421 2689 526 2730 cavum
541 2689 684 2741 conversa
698 2670 821 2746 cuspide
837 2682 969 2731 montem

134 2759 233 2836 Inpulit
247 2764 275 2821 in
290 2765 384 2822 latus:
405 2783 440 2822 ac
455 2763 544 2835 venti,
559 2764 640 2822 velut
654 2763 771 2839 agmine
786 2764 872 2836 facto,

133 2851 185 2925 Qua
198 2857 261 2916 data
275 2868 369 2933 porta,
384 2868 471 2914 ruunt
486 2868 516 2915 et
530 2867 620 2915 terras
634 2856 751 2915 turbine
766 2857 900 2933 perflant.

131 2944 276 3008 Incubuere
290 2948 372 3021 mari,
388 2961 541 3024 totumque
556 2968 574 3007 a
588 2949 707 3007 sedibus
723 2948 788 3007 imis

130 3037 186 3098 Una
200 3043 349 3118 Eurusque
364 3044 521 3117 Notusque
536 3051 622 3100 ruunt
637 3043 797 3117 creberque
813 3042 951 3118 procellis
1062 3057 1087 3106 ss

128 3131 234 3205 Africus,
250 3145 279 3194 et
294 3146 393 3193 vastos
408 3135 529 3193 volvunt
543 3135 582 3193 ad
597 3134 683 3193 litora
696 3134 809 3193 fluctus.

125 3224 278 3303 Insequitur
292 3228 463 3303 clamorque
478 3227 569 3286 virum
585 3228 750 3303 stridorque
766 3225 931 3287 rudentum.

123 3318 243 3397 Eripiunt
257 3321 356 3381 subito
371 3323 466 3379 nubes
479 3322 655 3397 coelumque
670 3321 809 3396 diemque

121 3413 289 3473 Teucrorum
304 3435 341 3474 ex
356 3413 450 3473 oculis
463 3436 471 3486 ;
490 3427 585 3491 ponto
600 3434 661 3474 nox
675 3414 797 3472 incubat
811 3425 880 3472 atra

119 3505 268 3566 Intonuere
283 3506 354 3585 poli,
370 3519 401 3566 et
415 3509 524 3567 crebris
538 3508 628 3566 micat
645 3506 762 3583 ignibus
777 3507 886 3580 aether,
1061 3538 1088 3575 φ

117 3600 355 3677 Praesentemque
371 3601 441 3658 viris
456 3600 602 3660 intentant
617 3600 718 3658 omnia
732 3612 865 3658 mortem.

116 3692 265 3769 Extemplo
281 3696 405 3752 Aeneae
421 3692 574 3751 solvuntur
588 3692 692 3769 frigore
708 3694 860 3765 membra;

113 3785 243 3862 Ingemit,
258 3799 288 3846 et
302 3785 440 3863 duplices
455 3785 581 3844 tendens
595 3786 632 3843 ad
647 3785 744 3844 sidera
761 3785 875 3860 palmas

111 3878 192 3937 Talia
206 3898 277 3939 voce
294 3880 403 3938 refert:
424 3877 452 3937 Ο
468 3887 569 3953 terque
584 3889 746 3953 quaterque
761 3877 849 3950 beati,

110 3971 183 4046 Quis
196 3984 264 4033 ante
278 3991 332 4032 ora
346 3982 464 4048 patrum
479 3971 586 4048 Trojae
601 3972 656 4027 sub
671 3970 826 4029 moenibus
841 3970 907 4029 altis
1060 3995 1086 4033 ns

108 4066 239 4143 Contigit
252 4067 418 4144 oppetere!
440 4081 459 4122 o
475 4064 611 4122 Danaum
627 4061 782 4121 fortissime
795 4061 891 4139 gentis
