2610 4926
183 103 236 157 126

179 263 319 335 Bellaque
411 262 486 318 εἰπε
503 279 595 319 ἱῑῐῑπι
612 265 728 338 uulgata
744 284 795 337 ger
810 264 920 323 orbem.

177 355 308 424 Atridas,
328 356 543 430 Priamumque.
560 372 588 412 et
604 376 724 413 saevum
740 357 886 413 ambobus
903 357 1049 437 Achillen.

178 448 329 519 Constitit,
345 462 375 505 et
389 449 555 517 lacrimans,
571 449 647 521 Quis
658 451 720 524 jam
735 450 828 520 locus,
843 449 949 525 inquit,
965 453 1088 535 Achate,

177 541 265 614 Quae
278 540 359 616 regio
374 540 404 597 in
419 541 502 599 terris
516 541 608 599 nostri
622 544 686 599 non·
698 542 788 617 plena
801 542 932 603 laboris?
1112 558 1201 603 a

178 635 225 693 Eu
241 633 382 691 Priamm
425 635 501 693 Sunt
514 632 564 692 bic
576 633 667 693 etiam
680 653 736 693 sua
748 636 881 711 praemia
894 635 978 697 laudi
986 658 998 713 ς

176 729 252 787 Sunt
265 726 403 785 lacrimae
416 745 513 785 rerum
526 736 558 785 et
571 740 702 785 mentem
716 728 854 789 mortalia
866 740 1001 809 tangunt.
1043 730 1069 761 '⁴

178 820 267 879 Solve
282 832 379 878 metus
389 841 398 891 ς
417 820 491 878 feret
504 819 579 879 haee
591 818 723 896 aliquam
736 820 792 881 tibi
804 822 886 883 tama
897 822 1035 885 mlutem.

176 912 226 973 Sic
239 913 289 984 ait,
303 922 394 988 atque
407 912 540 971 animum
553 911 669 988 picuua
681 914 779 991 pascit
792 913 883 989 inani,

177 1005 277 1065 Multa
288 1024 421 1082 gerricus,
435 1005 577 1082 largoque
590 1005 744 1067 humectat
756 1006 878 1069 flumine
890 1007 1016 1069 vultum.
1116 1014 1201 1075 οὔ

177 1100 317 1175 Namque
331 1097 460 1169 uidebat,
474 1098 518 1157 uti
530 1098 677 1159 bellantes
690 1100 835 1177 Pergama
846 1100 960 1161 circum

177 1193 248 1251 Hac
261 1192 394 1268 fugerent
408 1192 500 1265 Graii,
514 1204 661 1268 premeret
673 1194 806 1273 Troiana
816 1195 967 1271 juventus,

177 1286 248 1345 Hac
263 1286 401 1364 Phryges»
416 1283 538 1345 instaret
550 1304 637 1345 curru
650 1285 789 1347 cristam
799 1286 945 1349 Achilles.
1077 1288 1086 1299 ’

176 1379 243 1438 Nec
257 1378 360 1454 procul
373 1376 444 1438 hinc
458 1377 555 1439 Rbesi
567 1378 663 1439 niveis
675 1378 804 1439 tentoria
814 1378 891 1441 velis

156 1471 503 1555 'Agnoscitlacrimans
516 1470 960 1551 primoquaeproditasomuo
1117 1496 1157 1541 a

176 1564 309 1643 Tydides
322 1566 417 1623 multa
429 1564 567 1625 vastabat
578 1564 673 1625 mede
685 1577 834 1639 cruentus,

176 1659 385 1735 Ardentesque
400 1658 506 1719 auertit
517 1676 614 1735 equos
626 1658 659 1717 iu
671 1670 779 1731 castra,
792 1658 874 1736 prius
886 1676 978 1736 qmrn
1002 1668 1011 1681 ·

177 1752 292 1812 Pabula
303 1762 472 1829 gustassent
485 1753 595 1831 Trojae
608 1752 824 1829 Xanthumque
836 1750 992 1813 bibissent

176 1847 264 1905 Parte
278 1846 336 1904 alia
350 1844 466 1922 fugiens
478 1844 595 1905 amissis
608 1844 728 1905 Troilus
740 1843 839 1919 amus,

177 1938 286 1999 Infelix
299 1958 373 2015 puer
386 1950 477 2015 atque
490 1936 909 2016 ImparoougressusAcbilli,
1116 1964 1153 2019 μ

175 2034 281 2093 Fertur
294 2032 388 2108 equis,
402 2050 547 2109 curruque
559 2032 662 2093 haeret
674 2030 831 2109 resupinus
843 2030 935 2107 mani,

176 2127 257 2185 Lora
271 2137 378 2185 teneus
391 2136 490 2185 tamen
501 2146 512 2200 ;
530 2124 601 2185 buic'
614 2124 774 2201 cervixque
786 2142 954 2203 comaeque
966 2124 1125 2187 trabuntur

176 2220 235 2279 Per
248 2231 362 2291 terram,
377 2230 408 2278 et
421 2236 508 2279 versa
520 2217 617 2295 pulvis
631 2216 800 2279 inscribitur
813 2218 907 2297 ltastut

176 2315 296 2372 Interea
309 2313 348 2372 ad
364 2311 506 2387 templum
521 2330 582 2369 non
597 2329 710 2386 aequae
726 2311 856 2369 Palladis
870 2312 954 2373 ibant

176 2397 317 2466 Crinib'us
333 2403 444 2464 Iliades
458 2405 553 2481 passis
568 2405 749 2479 peplumque
764 2404 906 2477 serebant,
1119 2422 1157 2473 aa

176 2499 355 2577 Suppliciter
369 2499 466 2557 tristes
480 2510 510 2555 et
525 2507 628 2556 tunsae
643 2510 765 2573 pectora
779 2498 904 2574 palmis;

176 2594 254 2652 Diva
269 2593 334 2652 solo
348 2592 423 2650 fixos
437 2591 541 2649 oculos
555 2609 657 2649 auersa
672 2592 801 2650 tenebat

175 2687 235 2744 Ter
249 2686 359 2744 circum
376 2683 485 2743 Iliacos
499 2694 664 2759 raptaverat
680 2685 815 2743 Hectora
828 2703 936 2758 muros,

177 2779 413 2853 Exanimumque
427 2796 500 2835 auro
513 2796 621 2853 corpus
636 2777 786 2837 vendebat
800 2778 941 2837 Achilles

175 2872 255 2930 Tum
270 2890 339 2929 vero
355 2870 505 2946 ingentem
519 2869 661 2946 gemitum
676 2870 727 2928 dat
742 2884 862 2946 pectore
876 2872 915 2929 ab
930 2870 1000 2945 imo,
1118 2888 1156 2939 με

176 2964 220 3023 Ut
235 2963 337 3039 spolia,
353 2973 385 3021 ut
398 2981 509 3033 currus,
525 2973 617 3039 utque
632 2961 727 3038 ipsum
743 2982 849 3039 corpus
864 2964 961 3037 amici,

175 3057 423 3131 Tendentemque
438 3074 543 3114 manus
559 3054 707 3114 Priamum
722 3057 877 3132 conspexit
891 3055 1027 3117 inermes

177 3151 217 3210 Se
231 3168 350 3226 quoque
366 3148 548 3224 principibus
562 3147 740 3224 permixtum
753 3148 873 3226 agnouit
886 3149 1019 3223 Achiuis,

177 3244 315 3317 ansque
330 3241 408 3301 acies
423 3253 452 3300 et
467 3242 541 3318 nigri
557 3241 729 3301 Memnonis
743 3262 832 3301 arma

176 3334 268 3394 Ducit
282 3336 501 3395 Amazonidum
516 3334 623 3394 lunatis
638 3334 756 3412 agmina
769 3335 857 3412 peltis
1118 3364 1157 3404 ῳ

176 3427 365 3488 Penthesilea
379 3429 487 3502 furens,
502 3428 666 3504 mediisque
682 3427 711 3486 in
727 3428 845 3487 milibus
859 3426 951 3500 ardet,

177 3523 277 3581 Aurea
291 3523 471 3582 subnectens
486 3532 618 3582 exsertae
632 3521 750 3598 cingula
764 3540 920 3595 mammae,
