<?xml version="1.0" encoding="UTF-8"?>
<!DOCTYPE html PUBLIC "-//W3C//DTD XHTML 1.0 Transitional//EN"
    "http://www.w3.org/TR/xhtml1/DTD/xhtml1-transitional.dtd">
<html xmlns="http://www.w3.org/1999/xhtml" xml:lang="en" lang="en">
 <head>
  <title>
</title>
<meta http-equiv="Content-Type" content="text/html;charset=utf-8" />
  <meta name='ocr-system' content='tesseract 3.04.00' />
  <meta name='ocr-capabilities' content='ocr_page ocr_carea ocr_par ocr_line ocrx_word'/>
</head>
<body>
  <div class='ocr_page' id='page_1' title='image "ahandbooklatinp00marogoog_0146.png"; bbox 0 0 2610 4882; ppageno 0'>
   <div class='ocr_carea' id='block_1_1' title="bbox 467 714 751 777">
    <p class='ocr_par' dir='ltr' id='par_1_1' title="bbox 467 714 751 777">
     <span class='ocr_line' id='line_1_1' title="bbox 467 714 751 777; baseline 0 -18"><span class='ocrx_word' id='word_1_1' title='bbox 467 714 628 777; x_wconf 68' lang='lat' dir='ltr'>mannos</span> <span class='ocrx_word' id='word_1_2' title='bbox 648 715 707 759; x_wconf 79' lang='lat' dir='ltr'>arn</span> <span class='ocrx_word' id='word_1_3' title='bbox 729 715 751 759; x_wconf 90' lang='lat'>1.</span> 
     </span>
    </p>
   </div>
   <div class='ocr_carea' id='block_1_2' title="bbox 143 846 1112 1401">
    <p class='ocr_par' dir='ltr' id='par_1_2' title="bbox 189 846 791 938">
     <span class='ocr_line' id='line_1_2' title="bbox 189 846 791 938; baseline 0.01 -24"><span class='ocrx_word' id='word_1_4' title='bbox 189 846 217 909; x_wconf 82' lang='lat' dir='ltr'>h</span> <span class='ocrx_word' id='word_1_5' title='bbox 225 853 301 921; x_wconf 87' lang='lat' dir='ltr'>donus</span> <span class='ocrx_word' id='word_1_6' title='bbox 311 857 430 921; x_wconf 88' lang='lat' dir='ltr'>interior</span> <span class='ocrx_word' id='word_1_7' title='bbox 442 859 534 938; x_wconf 84' lang='lat' dir='ltr'>regali</span> <span class='ocrx_word' id='word_1_8' title='bbox 548 859 707 937; x_wconf 85' lang='lat' dir='ltr'>splendida</span> <span class='ocrx_word' id='word_1_9' title='bbox 720 861 791 920; x_wconf 86' lang='lat' dir='ltr'>luxu</span> 
     </span>
    </p>

    <p class='ocr_par' dir='ltr' id='par_1_3' title="bbox 190 936 866 1030">
     <span class='ocr_line' id='line_1_3' title="bbox 190 936 866 1030; baseline 0.006 -21"><span class='ocrx_word' id='word_1_10' title='bbox 190 936 304 1026; x_wconf 70' lang='lat' dir='ltr'>horitur,</span> <span class='ocrx_word' id='word_1_11' title='bbox 316 953 480 1030; x_wconf 81' lang='lat' dir='ltr'>mediisque</span> <span class='ocrx_word' id='word_1_12' title='bbox 494 963 599 1030; x_wconf 83' lang='lat' dir='ltr'>parant</span> <span class='ocrx_word' id='word_1_13' title='bbox 612 954 749 1013; x_wconf 84' lang='lat' dir='ltr'>convivia</span> <span class='ocrx_word' id='word_1_14' title='bbox 762 952 866 1015; x_wconf 77' lang='lat' dir='ltr'>tectis:</span> 
     </span>
    </p>

    <p class='ocr_par' dir='ltr' id='par_1_4' title="bbox 181 1031 789 1124">
     <span class='ocr_line' id='line_1_4' title="bbox 181 1031 789 1124; baseline 0.008 -23"><span class='ocrx_word' id='word_1_15' title='bbox 181 1031 369 1105; x_wconf 67' lang='lat' dir='ltr'>inelaboratae</span> <span class='ocrx_word' id='word_1_16' title='bbox 381 1056 483 1106; x_wconf 83' lang='lat' dir='ltr'>vestes</span> <span class='ocrx_word' id='word_1_17' title='bbox 497 1056 638 1122; x_wconf 91' lang='lat' dir='ltr'>ostroque</span> <span class='ocrx_word' id='word_1_18' title='bbox 652 1048 789 1124; x_wconf 87' lang='lat' dir='ltr'>superbo,</span> 
     </span>
    </p>

    <p class='ocr_par' dir='ltr' id='par_1_5' title="bbox 143 1117 1112 1401">
     <span class='ocr_line' id='line_1_5' title="bbox 171 1117 1112 1216; baseline 0.009 -19"><span class='ocrx_word' id='word_1_19' title='bbox 171 1117 260 1215; x_wconf 18' lang='lat' dir='ltr'>1”genus</span> <span class='ocrx_word' id='word_1_20' title='bbox 269 1150 412 1216; x_wconf 80' lang='lat' dir='ltr'>argentum</span> <span class='ocrx_word' id='word_1_21' title='bbox 426 1138 549 1211; x_wconf 79' lang='lat' dir='ltr'>mensis,</span> <span class='ocrx_word' id='word_1_22' title='bbox 563 1139 737 1215; x_wconf 84' lang='lat' dir='ltr'>caelataque</span> <span class='ocrx_word' id='word_1_23' title='bbox 751 1139 781 1197; x_wconf 92' lang='lat' dir='ltr'>in</span> <span class='ocrx_word' id='word_1_24' title='bbox 796 1157 869 1198; x_wconf 90' lang='lat' dir='ltr'>auro</span> <span class='ocrx_word' id='word_1_25' title='bbox 1071 1154 1112 1205; x_wconf 60' lang='grc' dir='ltr'>όν</span> 
     </span>
     <span class='ocr_line' id='line_1_6' title="bbox 160 1210 870 1310; baseline 0 -21"><span class='ocrx_word' id='word_1_26' title='bbox 160 1210 248 1289; x_wconf 74' lang='lat' dir='ltr'>Fortia</span> <span class='ocrx_word' id='word_1_27' title='bbox 258 1231 325 1293; x_wconf 85' lang='lat' dir='ltr'>iacta</span> <span class='ocrx_word' id='word_1_28' title='bbox 338 1243 464 1309; x_wconf 87' lang='lat' dir='ltr'>patrum,</span> <span class='ocrx_word' id='word_1_29' title='bbox 479 1231 573 1291; x_wconf 87' lang='lat' dir='ltr'>series</span> <span class='ocrx_word' id='word_1_30' title='bbox 587 1232 761 1310; x_wconf 88' lang='lat' dir='ltr'>longissima</span> <span class='ocrx_word' id='word_1_31' title='bbox 773 1249 870 1290; x_wconf 88' lang='lat' dir='ltr'>rerum</span> 
     </span>
     <span class='ocr_line' id='line_1_7' title="bbox 143 1301 898 1401; baseline 0.001 -21"><span class='ocrx_word' id='word_1_32' title='bbox 143 1301 213 1380; x_wconf 66' lang='lat' dir='ltr'>Per</span> <span class='ocrx_word' id='word_1_33' title='bbox 223 1335 256 1384; x_wconf 86' lang='lat' dir='ltr'>tot</span> <span class='ocrx_word' id='word_1_34' title='bbox 268 1326 352 1385; x_wconf 87' lang='lat' dir='ltr'>ducta</span> <span class='ocrx_word' id='word_1_35' title='bbox 364 1325 445 1384; x_wconf 83' lang='lat' dir='ltr'>viros</span> <span class='ocrx_word' id='word_1_36' title='bbox 458 1324 598 1400; x_wconf 84' lang='lat' dir='ltr'>antiquae</span> <span class='ocrx_word' id='word_1_37' title='bbox 611 1325 651 1383; x_wconf 93' lang='lat' dir='ltr'>ab</span> <span class='ocrx_word' id='word_1_38' title='bbox 665 1324 778 1400; x_wconf 88' lang='lat' dir='ltr'>origine</span> <span class='ocrx_word' id='word_1_39' title='bbox 791 1322 898 1401; x_wconf 89' lang='lat' dir='ltr'>gentis.</span> 
     </span>
    </p>
   </div>
   <div class='ocr_carea' id='block_1_3' title="bbox 142 1417 1171 4185">
    <p class='ocr_par' dir='ltr' id='par_1_6' title="bbox 142 1417 1171 1864">
     <span class='ocr_line' id='line_1_8' title="bbox 195 1417 992 1494; baseline 0 -20"><span class='ocrx_word' id='word_1_40' title='bbox 195 1418 448 1493; x_wconf 76' lang='lat' dir='ltr'>Aeneas-neque</span> <span class='ocrx_word' id='word_1_41' title='bbox 462 1417 542 1477; x_wconf 93' lang='lat' dir='ltr'>enim</span> <span class='ocrx_word' id='word_1_42' title='bbox 557 1417 669 1494; x_wconf 87' lang='lat' dir='ltr'>patrius</span> <span class='ocrx_word' id='word_1_43' title='bbox 683 1417 846 1477; x_wconf 81' lang='lat' dir='ltr'>consistere</span> <span class='ocrx_word' id='word_1_44' title='bbox 860 1424 992 1475; x_wconf 85' lang='lat' dir='ltr'>mentem</span> 
     </span>
     <span class='ocr_line' id='line_1_9' title="bbox 142 1492 1029 1586; baseline -0.003 -17"><span class='ocrx_word' id='word_1_45' title='bbox 142 1492 249 1569; x_wconf 69' lang='lat' dir='ltr'>&#39;assus</span> <span class='ocrx_word' id='word_1_46' title='bbox 261 1529 389 1570; x_wconf 80' lang='lat' dir='ltr'>amor-</span> <span class='ocrx_word' id='word_1_47' title='bbox 398 1509 533 1586; x_wconf 89' lang='lat' dir='ltr'>rapidum</span> <span class='ocrx_word' id='word_1_48' title='bbox 548 1510 586 1569; x_wconf 86' lang='lat' dir='ltr'>ad</span> <span class='ocrx_word' id='word_1_49' title='bbox 601 1528 694 1569; x_wconf 87' lang='lat' dir='ltr'>naves</span> <span class='ocrx_word' id='word_1_50' title='bbox 708 1508 869 1586; x_wconf 89' lang='lat' dir='ltr'>praemittit</span> <span class='ocrx_word' id='word_1_51' title='bbox 882 1509 1029 1582; x_wconf 80' lang='lat' dir='ltr'>Achaten,</span> 
     </span>
     <span class='ocr_line' id='line_1_10' title="bbox 142 1589 1171 1686; baseline 0.003 -24"><span class='ocrx_word' id='word_1_52' title='bbox 142 1589 452 1675; x_wconf 50' lang='lat' dir='ltr'>{scanioierathaec</span> <span class='ocrx_word' id='word_1_53' title='bbox 467 1603 623 1678; x_wconf 89' lang='lat' dir='ltr'>ipsumque</span> <span class='ocrx_word' id='word_1_54' title='bbox 637 1602 676 1660; x_wconf 85' lang='lat' dir='ltr'>ad</span> <span class='ocrx_word' id='word_1_55' title='bbox 690 1601 809 1661; x_wconf 89' lang='lat' dir='ltr'>moenia</span> <span class='ocrx_word' id='word_1_56' title='bbox 821 1601 930 1675; x_wconf 87' lang='lat' dir='ltr'>ducat;</span> <span class='ocrx_word' id='word_1_57' title='bbox 1071 1615 1111 1665; x_wconf 72' lang='lat'>⁶⁴⁵</span> <span class='ocrx_word' id='word_1_58' title='bbox 1169 1682 1171 1686; x_wconf 6' lang='grc' dir='ltr'><strong>λ</strong></span> 
     </span>
     <span class='ocr_line' id='line_1_11' title="bbox 142 1686 814 1771; baseline -0.001 -17"><span class='ocrx_word' id='word_1_59' title='bbox 142 1686 243 1756; x_wconf 75' lang='lat' dir='ltr'>&gt;mnis</span> <span class='ocrx_word' id='word_1_60' title='bbox 255 1696 285 1754; x_wconf 91' lang='lat' dir='ltr'>in</span> <span class='ocrx_word' id='word_1_61' title='bbox 301 1695 432 1755; x_wconf 77' lang='lat' dir='ltr'>Ascanio</span> <span class='ocrx_word' id='word_1_62' title='bbox 444 1695 505 1754; x_wconf 85' lang='lat' dir='ltr'>cari</span> <span class='ocrx_word' id='word_1_63' title='bbox 519 1706 577 1755; x_wconf 89' lang='lat' dir='ltr'>stat</span> <span class='ocrx_word' id='word_1_64' title='bbox 591 1713 662 1754; x_wconf 91' lang='lat' dir='ltr'>cura</span> <span class='ocrx_word' id='word_1_65' title='bbox 674 1695 814 1771; x_wconf 85' lang='lat' dir='ltr'>parentis</span> 
     </span>
     <span class='ocr_line' id='line_1_12' title="bbox 142 1785 786 1864; baseline 0 -18"><span class='ocrx_word' id='word_1_66' title='bbox 142 1785 263 1848; x_wconf 63' lang='lat' dir='ltr'>iunera</span> <span class='ocrx_word' id='word_1_67' title='bbox 275 1799 439 1864; x_wconf 85' lang='lat' dir='ltr'>praeterea,</span> <span class='ocrx_word' id='word_1_68' title='bbox 455 1786 555 1847; x_wconf 82' lang='lat' dir='ltr'>Iliacis</span> <span class='ocrx_word' id='word_1_69' title='bbox 569 1798 672 1863; x_wconf 88' lang='lat' dir='ltr'>erepta</span> <span class='ocrx_word' id='word_1_70' title='bbox 686 1787 786 1859; x_wconf 90' lang='lat' dir='ltr'>ruinis,</span> 
     </span>
    </p>

    <p class='ocr_par' dir='ltr' id='par_1_7' title="bbox 142 1875 880 1957">
     <span class='ocr_line' id='line_1_13' title="bbox 142 1875 880 1957; baseline -0.004 -17"><span class='ocrx_word' id='word_1_71' title='bbox 142 1875 224 1940; x_wconf 76' lang='lat' dir='ltr'>&#39;erre</span> <span class='ocrx_word' id='word_1_72' title='bbox 241 1881 334 1957; x_wconf 88' lang='lat' dir='ltr'>jubet,</span> <span class='ocrx_word' id='word_1_73' title='bbox 349 1880 461 1957; x_wconf 85' lang='lat' dir='ltr'>pallam</span> <span class='ocrx_word' id='word_1_74' title='bbox 474 1879 566 1957; x_wconf 89' lang='lat' dir='ltr'>signis</span> <span class='ocrx_word' id='word_1_75' title='bbox 581 1898 711 1956; x_wconf 88' lang='lat' dir='ltr'>auroque</span> <span class='ocrx_word' id='word_1_76' title='bbox 725 1880 880 1956; x_wconf 87' lang='lat' dir='ltr'>rigentem,</span> 
     </span>
    </p>

    <p class='ocr_par' dir='ltr' id='par_1_8' title="bbox 142 1969 832 2044">
     <span class='ocr_line' id='line_1_14' title="bbox 142 1969 832 2044; baseline -0.003 -11"><span class='ocrx_word' id='word_1_77' title='bbox 142 1969 180 2033; x_wconf 70' lang='lat' dir='ltr'>:t</span> <span class='ocrx_word' id='word_1_78' title='bbox 189 1974 411 2033; x_wconf 82' lang='lat' dir='ltr'>circmntextum</span> <span class='ocrx_word' id='word_1_79' title='bbox 423 1990 531 2031; x_wconf 92' lang='lat' dir='ltr'>croceo</span> <span class='ocrx_word' id='word_1_80' title='bbox 544 1973 679 2031; x_wconf 88' lang='lat' dir='ltr'>velamen</span> <span class='ocrx_word' id='word_1_81' title='bbox 694 1972 832 2044; x_wconf 84' lang='lat' dir='ltr'>acantho,</span> 
     </span>
    </p>

    <p class='ocr_par' dir='ltr' id='par_1_9' title="bbox 142 2063 1113 2319">
     <span class='ocr_line' id='line_1_15' title="bbox 142 2063 1113 2143; baseline 0.003 -18"><span class='ocrx_word' id='word_1_82' title='bbox 142 2064 262 2125; x_wconf 75' lang='lat' dir='ltr'>&gt;manus</span> <span class='ocrx_word' id='word_1_83' title='bbox 277 2065 406 2143; x_wconf 86' lang='lat' dir='ltr'>Argivae</span> <span class='ocrx_word' id='word_1_84' title='bbox 422 2065 569 2136; x_wconf 86' lang='lat' dir='ltr'>Helenae,</span> <span class='ocrx_word' id='word_1_85' title='bbox 584 2083 659 2141; x_wconf 91' lang='lat' dir='ltr'>quos</span> <span class='ocrx_word' id='word_1_86' title='bbox 673 2065 724 2123; x_wconf 91' lang='lat' dir='ltr'>illa</span> <span class='ocrx_word' id='word_1_87' title='bbox 738 2063 885 2142; x_wconf 90' lang='lat' dir='ltr'>Mycenis,</span> <span class='ocrx_word' id='word_1_88' title='bbox 1073 2076 1113 2127; x_wconf 68' lang='lat'>⁶9</span> 
     </span>
     <span class='ocr_line' id='line_1_16' title="bbox 142 2155 996 2234; baseline 0 -20"><span class='ocrx_word' id='word_1_89' title='bbox 142 2156 275 2233; x_wconf 82' lang='lat' dir='ltr'>&#39;ergama</span> <span class='ocrx_word' id='word_1_90' title='bbox 290 2174 381 2232; x_wconf 92' lang='lat' dir='ltr'>quum</span> <span class='ocrx_word' id='word_1_91' title='bbox 395 2164 510 2232; x_wconf 87' lang='lat' dir='ltr'>peteret</span> <span class='ocrx_word' id='word_1_92' title='bbox 525 2155 776 2232; x_wconf 87' lang='lat' dir='ltr'>inconcessosque</span> <span class='ocrx_word' id='word_1_93' title='bbox 792 2157 996 2234; x_wconf 87' lang='lat' dir='ltr'>Hymenaeos,</span> 
     </span>
     <span class='ocr_line' id='line_1_17' title="bbox 142 2247 824 2319; baseline -0.004 -9"><span class='ocrx_word' id='word_1_94' title='bbox 142 2247 297 2319; x_wconf 66' lang='lat' dir='ltr'>trulerat,</span> <span class='ocrx_word' id='word_1_95' title='bbox 313 2247 415 2308; x_wconf 89' lang='lat' dir='ltr'>matris</span> <span class='ocrx_word' id='word_1_96' title='bbox 430 2247 531 2307; x_wconf 86' lang='lat' dir='ltr'>Ledae</span> <span class='ocrx_word' id='word_1_97' title='bbox 544 2247 678 2307; x_wconf 90' lang='lat' dir='ltr'>mirabile</span> <span class='ocrx_word' id='word_1_98' title='bbox 693 2248 824 2307; x_wconf 91' lang='lat' dir='ltr'>donum:</span> 
     </span>
    </p>

    <p class='ocr_par' dir='ltr' id='par_1_10' title="bbox 142 2341 917 2418">
     <span class='ocr_line' id='line_1_18' title="bbox 142 2341 917 2418; baseline -0.001 -17"><span class='ocrx_word' id='word_1_99' title='bbox 142 2342 290 2401; x_wconf 79' lang='lat' dir='ltr'>&#39;meterea</span> <span class='ocrx_word' id='word_1_100' title='bbox 304 2351 464 2417; x_wconf 88' lang='lat' dir='ltr'>sceptrum,</span> <span class='ocrx_word' id='word_1_101' title='bbox 481 2341 577 2400; x_wconf 89' lang='lat' dir='ltr'>llione</span> <span class='ocrx_word' id='word_1_102' title='bbox 592 2342 673 2417; x_wconf 92' lang='lat' dir='ltr'>quod</span> <span class='ocrx_word' id='word_1_103' title='bbox 688 2352 821 2418; x_wconf 75' lang='lat' dir='ltr'>gesserat</span> <span class='ocrx_word' id='word_1_104' title='bbox 835 2341 917 2417; x_wconf 89' lang='lat' dir='ltr'>olim,</span> 
     </span>
    </p>

    <p class='ocr_par' dir='ltr' id='par_1_11' title="bbox 142 2433 827 2510">
     <span class='ocr_line' id='line_1_19' title="bbox 142 2433 827 2510; baseline -0.003 -16"><span class='ocrx_word' id='word_1_105' title='bbox 142 2436 275 2506; x_wconf 64' lang='lat' dir='ltr'>maxima,</span> <span class='ocrx_word' id='word_1_106' title='bbox 291 2445 424 2492; x_wconf 89' lang='lat' dir='ltr'>natarum</span> <span class='ocrx_word' id='word_1_107' title='bbox 441 2433 548 2492; x_wconf 85' lang='lat' dir='ltr'>Priami</span> <span class='ocrx_word' id='word_1_108' title='bbox 562 2435 700 2510; x_wconf 92' lang='lat' dir='ltr'>colloque</span> <span class='ocrx_word' id='word_1_109' title='bbox 716 2434 827 2494; x_wconf 91' lang='lat' dir='ltr'>monile</span> 
     </span>
    </p>

    <p class='ocr_par' dir='ltr' id='par_1_12' title="bbox 142 2526 1114 2679">
     <span class='ocr_line' id='line_1_20' title="bbox 142 2526 1114 2604; baseline 0 -18"><span class='ocrx_word' id='word_1_110' title='bbox 142 2527 302 2598; x_wconf 48' lang='lat' dir='ltr'>necatum,</span> <span class='ocrx_word' id='word_1_111' title='bbox 317 2539 348 2585; x_wconf 89' lang='lat' dir='ltr'>et</span> <span class='ocrx_word' id='word_1_112' title='bbox 361 2526 510 2604; x_wconf 77' lang='lat' dir='ltr'>duplicem</span> <span class='ocrx_word' id='word_1_113' title='bbox 524 2527 649 2603; x_wconf 91' lang='lat' dir='ltr'>gemmis</span> <span class='ocrx_word' id='word_1_114' title='bbox 662 2546 794 2603; x_wconf 90' lang='lat' dir='ltr'>auroque</span> <span class='ocrx_word' id='word_1_115' title='bbox 808 2545 957 2587; x_wconf 87' lang='lat' dir='ltr'>coronam.</span> <span class='ocrx_word' id='word_1_116' title='bbox 1074 2534 1114 2586; x_wconf 72' lang='lat'>⁶⁵⁵</span> 
     </span>
     <span class='ocr_line' id='line_1_21' title="bbox 142 2619 904 2679; baseline 0 0"><span class='ocrx_word' id='word_1_117' title='bbox 142 2619 224 2679; x_wconf 72' lang='lat' dir='ltr'>Haec</span> <span class='ocrx_word' id='word_1_118' title='bbox 237 2620 369 2678; x_wconf 87' lang='lat' dir='ltr'>celerans</span> <span class='ocrx_word' id='word_1_119' title='bbox 384 2619 438 2678; x_wconf 90' lang='lat' dir='ltr'>iter</span> <span class='ocrx_word' id='word_1_120' title='bbox 451 2619 490 2678; x_wconf 92' lang='lat' dir='ltr'>ad</span> <span class='ocrx_word' id='word_1_121' title='bbox 505 2638 596 2678; x_wconf 90' lang='lat' dir='ltr'>naves</span> <span class='ocrx_word' id='word_1_122' title='bbox 611 2620 753 2679; x_wconf 87' lang='lat' dir='ltr'>tendebat</span> <span class='ocrx_word' id='word_1_123' title='bbox 766 2621 904 2679; x_wconf 89' lang='lat' dir='ltr'>Achates.</span> 
     </span>
    </p>

    <p class='ocr_par' dir='ltr' id='par_1_13' title="bbox 142 2711 1116 3162">
     <span class='ocr_line' id='line_1_22' title="bbox 185 2711 926 2788; baseline 0.003 -20"><span class='ocrx_word' id='word_1_124' title='bbox 185 2713 220 2769; x_wconf 89' lang='lat' dir='ltr'>llt</span> <span class='ocrx_word' id='word_1_125' title='bbox 232 2711 377 2788; x_wconf 83' lang='lat' dir='ltr'>Cytherea</span> <span class='ocrx_word' id='word_1_126' title='bbox 392 2727 485 2768; x_wconf 88' lang='lat' dir='ltr'>novas</span> <span class='ocrx_word' id='word_1_127' title='bbox 499 2720 585 2782; x_wconf 90' lang='lat' dir='ltr'>artes,</span> <span class='ocrx_word' id='word_1_128' title='bbox 602 2729 680 2769; x_wconf 90' lang='lat' dir='ltr'>nova</span> <span class='ocrx_word' id='word_1_129' title='bbox 693 2721 814 2787; x_wconf 89' lang='lat' dir='ltr'>pectore</span> <span class='ocrx_word' id='word_1_130' title='bbox 829 2720 926 2770; x_wconf 87' lang='lat' dir='ltr'>versat</span> 
     </span>
     <span class='ocr_line' id='line_1_23' title="bbox 142 2801 833 2881; baseline 0.004 -21"><span class='ocrx_word' id='word_1_131' title='bbox 142 2801 280 2875; x_wconf 76' lang='lat' dir='ltr'>Consilia,¹</span> <span class='ocrx_word' id='word_1_132' title='bbox 294 2814 326 2863; x_wconf 93' lang='lat' dir='ltr'>ut</span> <span class='ocrx_word' id='word_1_133' title='bbox 341 2802 445 2861; x_wconf 79' lang='lat' dir='ltr'>faciem</span> <span class='ocrx_word' id='word_1_134' title='bbox 460 2813 588 2862; x_wconf 88' lang='lat' dir='ltr'>mutatus</span> <span class='ocrx_word' id='word_1_135' title='bbox 603 2815 633 2863; x_wconf 92' lang='lat' dir='ltr'>et</span> <span class='ocrx_word' id='word_1_136' title='bbox 647 2823 699 2863; x_wconf 92' lang='lat' dir='ltr'>ora</span> <span class='ocrx_word' id='word_1_137' title='bbox 714 2805 833 2881; x_wconf 91' lang='lat' dir='ltr'>Cupido</span> 
     </span>
     <span class='ocr_line' id='line_1_24' title="bbox 143 2890 882 2973; baseline 0.001 -20"><span class='ocrx_word' id='word_1_138' title='bbox 143 2890 205 2953; x_wconf 87' lang='lat' dir='ltr'>Pro</span> <span class='ocrx_word' id='word_1_139' title='bbox 215 2896 289 2954; x_wconf 92' lang='lat' dir='ltr'>dulci</span> <span class='ocrx_word' id='word_1_140' title='bbox 304 2894 436 2954; x_wconf 85' lang='lat' dir='ltr'>Ascanio</span> <span class='ocrx_word' id='word_1_141' title='bbox 449 2895 557 2969; x_wconf 86' lang='lat' dir='ltr'>veniat,</span> <span class='ocrx_word' id='word_1_142' title='bbox 573 2896 721 2973; x_wconf 92' lang='lat' dir='ltr'>donisque</span> <span class='ocrx_word' id='word_1_143' title='bbox 735 2897 882 2956; x_wconf 87' lang='lat' dir='ltr'>furentem</span> 
     </span>
     <span class='ocr_line' id='line_1_25' title="bbox 149 2984 1116 3067; baseline -0.002 -20"><span class='ocrx_word' id='word_1_144' title='bbox 149 2984 284 3048; x_wconf 72' lang='lat' dir='ltr'>incendat</span> <span class='ocrx_word' id='word_1_145' title='bbox 298 2989 439 3066; x_wconf 84' lang='lat' dir='ltr'>reginam,</span> <span class='ocrx_word' id='word_1_146' title='bbox 455 2999 544 3065; x_wconf 91' lang='lat' dir='ltr'>atque</span> <span class='ocrx_word' id='word_1_147' title='bbox 556 2990 674 3049; x_wconf 92' lang='lat' dir='ltr'>ossibus</span> <span class='ocrx_word' id='word_1_148' title='bbox 690 2991 821 3067; x_wconf 93' lang='lat' dir='ltr'>implicet</span> <span class='ocrx_word' id='word_1_149' title='bbox 836 2989 955 3067; x_wconf 81' lang='lat' dir='ltr'>ignem3</span> <span class='ocrx_word' id='word_1_150' title='bbox 1076 2998 1116 3038; x_wconf 63' lang='grc' dir='ltr'>δύο</span> 
     </span>
     <span class='ocr_line' id='line_1_26' title="bbox 160 3077 1037 3162; baseline -0.005 -20"><span class='ocrx_word' id='word_1_151' title='bbox 160 3077 258 3159; x_wconf 80' lang='lat' dir='ltr'>Quippe</span> <span class='ocrx_word' id='word_1_152' title='bbox 271 3083 393 3142; x_wconf 93' lang='lat' dir='ltr'>domum</span> <span class='ocrx_word' id='word_1_153' title='bbox 408 3082 491 3141; x_wconf 89' lang='lat' dir='ltr'>timet</span> <span class='ocrx_word' id='word_1_154' title='bbox 504 3083 673 3161; x_wconf 84' lang='lat' dir='ltr'>ambiguam</span> <span class='ocrx_word' id='word_1_155' title='bbox 689 3085 854 3162; x_wconf 90' lang='lat' dir='ltr'>Tyriosque</span> <span class='ocrx_word' id='word_1_156' title='bbox 869 3081 1037 3158; x_wconf 87' lang='lat' dir='ltr'>bilingues;</span> 
     </span>
    </p>

    <p class='ocr_par' dir='ltr' id='par_1_14' title="bbox 162 3167 890 3251">
     <span class='ocr_line' id='line_1_27' title="bbox 162 3167 890 3251; baseline 0.004 -21"><span class='ocrx_word' id='word_1_157' title='bbox 162 3167 215 3233; x_wconf 80' lang='lat' dir='ltr'>Urit</span> <span class='ocrx_word' id='word_1_158' title='bbox 225 3188 302 3235; x_wconf 85' lang='lat' dir='ltr'>atrox</span> <span class='ocrx_word' id='word_1_159' title='bbox 315 3178 404 3251; x_wconf 92' lang='lat' dir='ltr'>Juno,</span> <span class='ocrx_word' id='word_1_160' title='bbox 420 3186 450 3235; x_wconf 87' lang='lat' dir='ltr'>et</span> <span class='ocrx_word' id='word_1_161' title='bbox 464 3175 519 3234; x_wconf 90' lang='lat' dir='ltr'>sub</span> <span class='ocrx_word' id='word_1_162' title='bbox 535 3188 653 3235; x_wconf 92' lang='lat' dir='ltr'>noctem</span> <span class='ocrx_word' id='word_1_163' title='bbox 668 3196 738 3236; x_wconf 92' lang='lat' dir='ltr'>cura</span> <span class='ocrx_word' id='word_1_164' title='bbox 752 3184 890 3235; x_wconf 85' lang='lat' dir='ltr'>recursat</span> 
     </span>
    </p>

    <p class='ocr_par' dir='ltr' id='par_1_15' title="bbox 167 3260 829 3345">
     <span class='ocr_line' id='line_1_28' title="bbox 167 3260 829 3345; baseline 0.002 -20"><span class='ocrx_word' id='word_1_165' title='bbox 167 3260 223 3343; x_wconf 74' lang='lat' dir='ltr'>Frg&#39;o</span> <span class='ocrx_word' id='word_1_166' title='bbox 234 3268 278 3326; x_wconf 87' lang='lat' dir='ltr'>his</span> <span class='ocrx_word' id='word_1_167' title='bbox 292 3269 433 3345; x_wconf 90' lang='lat' dir='ltr'>aligerum</span> <span class='ocrx_word' id='word_1_168' title='bbox 448 3268 535 3328; x_wconf 92' lang='lat' dir='ltr'>dictis</span> <span class='ocrx_word' id='word_1_169' title='bbox 550 3270 654 3328; x_wconf 80' lang='lat' dir='ltr'>affatur</span> <span class='ocrx_word' id='word_1_170' title='bbox 668 3272 829 3328; x_wconf 88' lang='lat' dir='ltr'>Amorem:</span> 
     </span>
    </p>

    <p class='ocr_par' dir='ltr' id='par_1_16' title="bbox 165 3353 882 3439">
     <span class='ocr_line' id='line_1_29' title="bbox 165 3353 882 3439; baseline 0 -20"><span class='ocrx_word' id='word_1_171' title='bbox 165 3353 229 3431; x_wconf 73' lang='lat' dir='ltr'>litte,</span> <span class='ocrx_word' id='word_1_172' title='bbox 242 3380 322 3419; x_wconf 88' lang='lat' dir='ltr'>meae</span> <span class='ocrx_word' id='word_1_173' title='bbox 336 3361 424 3431; x_wconf 85' lang='lat' dir='ltr'>vires,</span> <span class='ocrx_word' id='word_1_174' title='bbox 440 3380 507 3421; x_wconf 90' lang='lat' dir='ltr'>mea</span> <span class='ocrx_word' id='word_1_175' title='bbox 521 3381 628 3439; x_wconf 87' lang='lat' dir='ltr'>magna</span> <span class='ocrx_word' id='word_1_176' title='bbox 642 3362 777 3439; x_wconf 88' lang='lat' dir='ltr'>potentia</span> <span class='ocrx_word' id='word_1_177' title='bbox 790 3361 882 3433; x_wconf 89' lang='lat' dir='ltr'>solus,</span> 
     </span>
    </p>

    <p class='ocr_par' dir='ltr' id='par_1_17' title="bbox 160 3447 1117 3624">
     <span class='ocr_line' id='line_1_30' title="bbox 164 3447 1117 3532; baseline 0.001 -20"><span class='ocrx_word' id='word_1_178' title='bbox 164 3447 229 3523; x_wconf 78' lang='lat' dir='ltr'>Nate,</span> <span class='ocrx_word' id='word_1_179' title='bbox 243 3454 332 3530; x_wconf 86' lang='lat' dir='ltr'>patris</span> <span class='ocrx_word' id='word_1_180' title='bbox 346 3454 455 3513; x_wconf 88' lang='lat' dir='ltr'>summi</span> <span class='ocrx_word' id='word_1_181' title='bbox 470 3455 520 3530; x_wconf 92' lang='lat' dir='ltr'>qui</span> <span class='ocrx_word' id='word_1_182' title='bbox 536 3457 595 3514; x_wconf 88' lang='lat' dir='ltr'>tela</span> <span class='ocrx_word' id='word_1_183' title='bbox 610 3454 746 3532; x_wconf 83' lang='lat' dir='ltr'>Typhoia</span> <span class='ocrx_word' id='word_1_184' title='bbox 761 3454 877 3525; x_wconf 90' lang='lat' dir='ltr'>temnis,</span> <span class='ocrx_word' id='word_1_185' title='bbox 1079 3464 1117 3513; x_wconf 66' lang='grc' dir='ltr'>ὥς</span> 
     </span>
     <span class='ocr_line' id='line_1_31' title="bbox 160 3542 886 3624; baseline 0.003 -22"><span class='ocrx_word' id='word_1_186' title='bbox 160 3542 196 3601; x_wconf 80' lang='lat' dir='ltr'>Ad</span> <span class='ocrx_word' id='word_1_187' title='bbox 209 3556 232 3604; x_wconf 88' lang='lat' dir='ltr'>te</span> <span class='ocrx_word' id='word_1_188' title='bbox 245 3546 383 3624; x_wconf 80' lang='lat' dir='ltr'>coniugio</span> <span class='ocrx_word' id='word_1_189' title='bbox 398 3559 428 3606; x_wconf 91' lang='lat' dir='ltr'>et</span> <span class='ocrx_word' id='word_1_190' title='bbox 443 3548 568 3624; x_wconf 84' lang='lat' dir='ltr'>supplex</span> <span class='ocrx_word' id='word_1_191' title='bbox 583 3558 634 3606; x_wconf 90' lang='lat' dir='ltr'>tua</span> <span class='ocrx_word' id='word_1_192' title='bbox 648 3547 770 3605; x_wconf 87' lang='lat' dir='ltr'>numina</span> <span class='ocrx_word' id='word_1_193' title='bbox 784 3564 886 3622; x_wconf 88' lang='lat' dir='ltr'>posco.</span> 
     </span>
    </p>

    <p class='ocr_par' dir='ltr' id='par_1_18' title="bbox 159 3634 866 3718">
     <span class='ocr_line' id='line_1_32' title="bbox 159 3634 866 3718; baseline 0.004 -25"><span class='ocrx_word' id='word_1_194' title='bbox 159 3634 241 3698; x_wconf 82' lang='lat' dir='ltr'>Frater</span> <span class='ocrx_word' id='word_1_195' title='bbox 254 3650 286 3698; x_wconf 91' lang='lat' dir='ltr'>ut</span> <span class='ocrx_word' id='word_1_196' title='bbox 301 3643 423 3700; x_wconf 79' lang='lat' dir='ltr'>Aeneas</span> <span class='ocrx_word' id='word_1_197' title='bbox 437 3641 546 3718; x_wconf 90' lang='lat' dir='ltr'>pelago</span> <span class='ocrx_word' id='word_1_198' title='bbox 560 3650 628 3699; x_wconf 93' lang='lat' dir='ltr'>tuus</span> <span class='ocrx_word' id='word_1_199' title='bbox 642 3640 742 3699; x_wconf 88' lang='lat' dir='ltr'>omnia</span> <span class='ocrx_word' id='word_1_200' title='bbox 756 3638 866 3698; x_wconf 92' lang='lat' dir='ltr'>circum</span> 
     </span>
    </p>

    <p class='ocr_par' dir='ltr' id='par_1_19' title="bbox 156 3728 759 3811">
     <span class='ocr_line' id='line_1_33' title="bbox 156 3728 759 3811; baseline 0.003 -24"><span class='ocrx_word' id='word_1_201' title='bbox 156 3728 240 3791; x_wconf 81' lang='lat' dir='ltr'>Litora</span> <span class='ocrx_word' id='word_1_202' title='bbox 256 3733 385 3811; x_wconf 88' lang='lat' dir='ltr'>jactetur</span> <span class='ocrx_word' id='word_1_203' title='bbox 400 3733 476 3793; x_wconf 85' lang='lat' dir='ltr'>odiis</span> <span class='ocrx_word' id='word_1_204' title='bbox 490 3733 617 3808; x_wconf 91' lang='lat' dir='ltr'>Junonis</span> <span class='ocrx_word' id='word_1_205' title='bbox 632 3732 759 3808; x_wconf 90' lang='lat' dir='ltr'>iniquae,</span> 
     </span>
    </p>

    <p class='ocr_par' dir='ltr' id='par_1_20' title="bbox 151 3823 827 3901">
     <span class='ocr_line' id='line_1_34' title="bbox 151 3823 827 3901; baseline -0.004 -17"><span class='ocrx_word' id='word_1_206' title='bbox 151 3823 220 3884; x_wconf 88' lang='lat' dir='ltr'>Nota</span> <span class='ocrx_word' id='word_1_207' title='bbox 233 3826 296 3897; x_wconf 86' lang='lat' dir='ltr'>tibi,</span> <span class='ocrx_word' id='word_1_208' title='bbox 313 3837 344 3886; x_wconf 90' lang='lat' dir='ltr'>et</span> <span class='ocrx_word' id='word_1_209' title='bbox 357 3836 462 3886; x_wconf 88' lang='lat' dir='ltr'>nostro</span> <span class='ocrx_word' id='word_1_210' title='bbox 476 3825 596 3885; x_wconf 90' lang='lat' dir='ltr'>doluisti</span> <span class='ocrx_word' id='word_1_211' title='bbox 611 3844 700 3901; x_wconf 91' lang='lat' dir='ltr'>saepe</span> <span class='ocrx_word' id='word_1_212' title='bbox 715 3824 827 3883; x_wconf 90' lang='lat' dir='ltr'>dolore.</span> 
     </span>
    </p>

    <p class='ocr_par' dir='ltr' id='par_1_21' title="bbox 142 3916 1120 4185">
     <span class='ocr_line' id='line_1_35' title="bbox 150 3916 1120 3992; baseline 0.002 -16"><span class='ocrx_word' id='word_1_213' title='bbox 150 3916 230 3979; x_wconf 87' lang='lat' dir='ltr'>Hunc</span> <span class='ocrx_word' id='word_1_214' title='bbox 246 3919 414 3978; x_wconf 87' lang='lat' dir='ltr'>Phoenissa</span> <span class='ocrx_word' id='word_1_215' title='bbox 429 3927 511 3977; x_wconf 89' lang='lat' dir='ltr'>tenet</span> <span class='ocrx_word' id='word_1_216' title='bbox 526 3918 607 3977; x_wconf 92' lang='lat' dir='ltr'>Dido</span> <span class='ocrx_word' id='word_1_217' title='bbox 621 3917 798 3992; x_wconf 88' lang='lat' dir='ltr'>blandisque</span> <span class='ocrx_word' id='word_1_218' title='bbox 812 3925 942 3974; x_wconf 90' lang='lat' dir='ltr'>moratur</span> <span class='ocrx_word' id='word_1_219' title='bbox 1080 3927 1120 3978; x_wconf 62' lang='grc' dir='ltr'>ὀνο</span> 
     </span>
     <span class='ocr_line' id='line_1_36' title="bbox 146 4008 870 4087; baseline -0.001 -20"><span class='ocrx_word' id='word_1_220' title='bbox 146 4010 271 4072; x_wconf 83' lang='lat' dir='ltr'>Vocibus</span> <span class='ocrx_word' id='word_1_221' title='bbox 284 4034 292 4087; x_wconf 66' lang='grc' dir='ltr'><strong><em>ς</em></strong></span> <span class='ocrx_word' id='word_1_222' title='bbox 313 4022 345 4070; x_wconf 92' lang='lat' dir='ltr'>et</span> <span class='ocrx_word' id='word_1_223' title='bbox 359 4028 472 4081; x_wconf 84' lang='lat' dir='ltr'>uereor,</span> <span class='ocrx_word' id='word_1_224' title='bbox 488 4028 548 4086; x_wconf 93' lang='lat' dir='ltr'>quo</span> <span class='ocrx_word' id='word_1_225' title='bbox 563 4028 595 4069; x_wconf 90' lang='lat' dir='ltr'>se</span> <span class='ocrx_word' id='word_1_226' title='bbox 609 4008 740 4085; x_wconf 89' lang='lat' dir='ltr'>Junonia</span> <span class='ocrx_word' id='word_1_227' title='bbox 753 4017 870 4067; x_wconf 89' lang='lat' dir='ltr'>vertant</span> 
     </span>
     <span class='ocr_line' id='line_1_37' title="bbox 142 4102 900 4185; baseline -0.009 -19"><span class='ocrx_word' id='word_1_228' title='bbox 142 4106 302 4185; x_wconf 73' lang='lat' dir='ltr'>hospitia,</span> <span class='ocrx_word' id='word_1_229' title='bbox 322 4102 405 4162; x_wconf 87' lang='lat' dir='ltr'>haud</span> <span class='ocrx_word' id='word_1_230' title='bbox 419 4112 503 4163; x_wconf 87' lang='lat' dir='ltr'>tanto</span> <span class='ocrx_word' id='word_1_231' title='bbox 515 4103 646 4162; x_wconf 86' lang='lat' dir='ltr'>cessabit</span> <span class='ocrx_word' id='word_1_232' title='bbox 659 4102 780 4161; x_wconf 87' lang='lat' dir='ltr'>cardine</span> <span class='ocrx_word' id='word_1_233' title='bbox 795 4118 900 4160; x_wconf 86' lang='lat' dir='ltr'>rerum</span> 
     </span>
    </p>
   </div>
   <div class='ocr_carea' id='block_1_4' title="bbox 0 0 1312 4882">
    <p class='ocr_par' dir='ltr' id='par_1_22' title="bbox 0 0 1312 4882">
     <span class='ocr_line' id='line_1_38' title="bbox 0 0 1312 4882; baseline 0 0"><span class='ocrx_word' id='word_1_234' title='bbox 0 0 1312 4882; x_wconf 95' lang='lat' dir='ltr'> </span> 
     </span>
    </p>
   </div>
  </div>
 </body>
</html>
