2610 4882
518 696 676 740 mutuos
697 696 756 740 uu.
779 697 800 740 l.

208 820 338 901 Tendimus
348 841 376 901 iu
391 840 522 914 Latium,
538 842 628 902 sedes
642 842 692 902 ubi
706 842 767 901 fata
781 839 898 918 quietas

200 913 344 994 Ostendant
352 957 361 1009 ;
380 934 442 994 illic
456 936 502 994 t‘as
516 953 607 1013 regua
621 953 772 1013 resurgere
786 936 904 1010 Trojae.

191 1004 300 1099 Durate,
313 1039 339 1087 et
349 1036 466 1087 vosmet
479 1029 569 1087 rebus
583 1040 699 1087 servate
713 1028 861 1087 secundis.

228 1110 303 1179 Talia
314 1139 383 1180 voce
395 1120 495 1193 refert,
511 1120 648 1196 curisque
662 1120 832 1198 ingentibus
846 1136 936 1196 aeger

179 1192 274 1275 Spem
286 1215 360 1273 vultu
372 1213 504 1287 simulat,
519 1214 627 1290 premit
640 1213 732 1272 altum
747 1213 838 1272 corde
852 1212 996 1272 dolorem

173 1286 232 1356 Illi
248 1324 276 1365 se
288 1307 409 1383 praedae
423 1307 583 1383 accingunt
597 1307 783 1382 dapibusque
797 1305 918 1364 futuris:

167 1379 305 1475 Tergora
317 1400 465 1476 deripiunt
478 1399 571 1458 costis
585 1409 615 1458 et
628 1399 744 1458 viscera
758 1398 888 1471 nudant,

165 1473 253 1549 Pars
265 1491 293 1549 in
307 1492 396 1551 frusta
410 1502 514 1551 secant
527 1492 706 1567 veribusque
721 1489 876 1550 trementia
890 1490 1005 1569 figunt,

160 1564 278 1641 Litore
290 1586 365 1642 aina
377 1575 479 1642 locant
492 1583 550 1654 alii,
566 1583 760 1657 flammasque
774 1581 953 1641 ministrant.¹

158 1659 252 1733 Tum
265 1675 342 1734 victu
357 1685 499 1734 revocant
511 1676 597 1746 vires,
613 1675 729 1751 lusique
743 1693 796 1751 per
810 1674 932 1732 herbam

159 1754 338 1842 Implentur
351 1768 461 1827 veteris
476 1768 585 1827 Bacchi
599 1767 777 1844 pinguisque
791 1767 911 1825 ferinae.
1114 1793 1152 1832 εις

158 1848 336 1937 Postquam
349 1871 488 1938 exempta
502 1861 595 1920 sames
609 1861 706 1938 epulis
720 1879 901 1936 mensaeque
916 1869 1058 1937 remotae,

159 1945 309 2012 Amissos
323 1953 415 2031 longo
428 1954 528 2014 socios
541 1972 679 2013 sermone
694 1953 855 2029 requirunt,
895 1982 904 1997 ·

162 2037 324 2123 Spemque
339 2057 511 2122 metumque
525 2047 602 2106 inter
616 2046 707 2118 dubii,
723 2065 777 2105 seu
791 2045 891 2105 vivere
905 2046 1037 2120 credant,

162 2132 242 2198 Sive
256 2151 389 2198 extrema
403 2139 464 2216 pati
479 2158 535 2199 nec
552 2140 615 2218 jam
628 2140 768 2198 exaudire
782 2149 912 2198 vocatos.

166 2227 335 2309 Praecipue
349 2233 415 2309 pius
428 2234 549 2291 Aeneas
562 2251 642 2292 nunc
656 2233 732 2292 acris
747 2232 864 2306 Oronti,

168 2321 263 2384 Nunc
279 2325 384 2403 Amyci
398 2344 499 2384 casum
514 2325 606 2403 gemit
619 2334 650 2384 et
664 2324 796 2385 crudelia
809 2343 911 2384 secum

174 2416 251 2476 Fata
264 2418 344 2494 Lyci,
359 2418 525 2493 fortemque
540 2420 635 2496 Gyan,
652 2418 816 2496 sortemque
832 2419 1021 2477 Cloanthum.

220 2512 257 2568 Et
276 2513 334 2585 yam
349 2511 416 2569 finis
431 2521 502 2582 erat,
518 2530 585 2569 curn
601 2512 739 2586 Juppiter
753 2512 874 2570 aethere
888 2530 1005 2570 summo

183 2602 353 2678 Despiciens
367 2621 449 2662 mare
463 2605 624 2663 velivolum
636 2615 788 2680 terrasque
800 2605 935 2682 jacentes

189 2695 338 2772 litoraque
351 2707 382 2755 et
396 2698 474 2756 latos
488 2697 625 2773 populos,
641 2696 683 2755 sic
698 2698 807 2756 vertice
821 2697 898 2756 coeli

195 2784 320 2846 Constitit
334 2797 363 2845 et
379 2788 491 2864 Libyae
505 2788 608 2845 defixit
623 2788 734 2846 lumina
748 2789 856 2866 reguis.

201 2877 279 2952 Atque
292 2880 373 2938 illum
388 2881 463 2939 tales
483 2881 645 2956 jactantem
660 2893 780 2956 pectore
795 2900 879 2941 curas

202 2966 302 3029 Tristior
315 2982 344 3031 et
357 2973 486 3031 lacrimis
500 2973 604 3031 oculos
619 2973 730 3032 suffusa
744 2975 874 3033 nitentes

209 3059 345 3139 Alloquitur
358 3068 483 3123 Venus:
503 3067 531 3125 O
547 3066 598 3140 qui
612 3083 659 3124 res
674 3067 888 3142 hominumque
903 3067 1054 3142 deumque

211 3153 315 3217 ⁴letemis
328 3158 405 3236 regis
420 3158 558 3234 imperiis,
575 3168 605 3217 et
620 3159 742 3217 fulmine
757 3171 857 3230 terres,
1118 3184 1155 3223 aso

212 3240 267 3314 Quid
278 3269 354 3309 meus
369 3241 491 3309 Aeneas
506 3251 536 3308 in
552 3261 581 3310 te
596 3251 780 3311 committere
796 3262 918 3323 tantum,

210 3335 266 3410 Quid
277 3344 366 3402 Troes
381 3354 513 3419 potuere,
530 3343 647 3419 quibus,
663 3354 708 3404 tot
722 3345 824 3403 lunera
838 3344 943 3420 passis,

208 3430 313 3494 Cunctos
326 3436 366 3494 ob
382 3436 501 3494 Italiam
516 3446 658 3499 terrarum
673 3438 819 3495 clauditur
832 3438 934 3496 orbis?

205 3523 273 3584 Certe
286 3528 350 3587 hinc
367 3531 523 3588 Romanos
536 3529 616 3601 olim,
632 3530 819 3588 volventibus
834 3530 929 3600 annis,

199 3617 268 3676 Hinc
281 3621 336 3680 lore
351 3622 499 3693 ductores,
515 3632 653 3680 revocato
668 3642 686 3680 a
700 3622 844 3698 sanguine
859 3622 977 3695 Teucri,
1119 3644 1155 3682 ras

195 3710 248 3787 Qui
261 3731 340 3785 mare,
356 3715 406 3790 qui
422 3727 513 3772 terras
528 3713 607 3772 omni
623 3714 736 3773 ditione
751 3725 895 3786 tenerent,

189 3805 339 3877 Pollicitus,
355 3825 433 3883 quae
448 3818 486 3878 te,
502 3807 626 3884 genitor,
642 3807 789 3866 sententia
803 3808 918 3867 vertit?·

185 3900 255 3959 Hoc
268 3899 401 3974 equidem
418 3917 558 3958 occasum
574 3900 682 3974 Trojae
697 3900 856 3975 tristesque
870 3899 968 3958 ruinas

178 3990 309 4064 solabar,
325 3992 390 4050 fatis
405 3991 554 4050 contraria
568 3991 629 4050 fata
642 3992 830 4067 rependens,

176 4087 210 4147 N
212 4102 271 4142 unc
284 4085 385 4144 eadem
399 4085 519 4142 fortuna
532 4081 611 4142 viros
625 4093 669 4143 tot
683 4084 800 4144 casibus
815 4095 898 4144 actos
