2610 4926
238 736 275 795 2⁶
573 748 598 790 r.
620 746 721 790 ovrnrr
743 746 878 789 uxsoxrs

237 898 308 954 Nox
322 893 373 955 ubi
387 904 543 954 consumta
557 894 775 953 est-Aurora
788 893 943 952 rubescere
957 890 1086 968 primurn

237 989 576 1065 Coeperat—exsurgo,
593 984 754 1061 laticesque
770 985 875 1044 inferre
890 997 1024 1045 recentes

237 1081 407 1152 Admoneo‚
424 1070 617 1155 monstroque
631 1078 710 1136 viam
726 1098 802 1154 quae
818 1080 906 1137 ducat
920 1079 959 1137 ad
973 1079 1077 1137 undas

236 1175 316 1250 lpse,
333 1171 404 1249 quid
419 1192 489 1232 aura
503 1171 574 1230 mihi
590 1172 703 1230 tumulo
718 1171 870 1247 promittat
884 1171 923 1230 ab
937 1173 998 1231 alto

237 1265 399 1342 Prospici0‚
416 1265 599 1341 comitesque
614 1283 691 1324 voco
706 1277 869 1341 repetoque
885 1265 1022 1325 carinam.

235 1361 388 1419 Adsumus
402 1378 439 1417 en
452 1363 457 1416 l
479 1357 576 1434 inquit
590 1357 738 1439 sociorum
753 1357 865 1434 primus
879 1359 1033 1435 Opheltes,

237 1454 340 1529 thue
354 1463 447 1529 putat,
463 1452 603 1527 praedam
619 1452 736 1512 deserto
751 1464 856 1511 nactus
870 1451 902 1510 in
916 1471 1003 1529 agr0„

236 1545 377 1622 Virginea
392 1563 514 1620 puerum
529 1544 610 1603 ducit
625 1564 677 1621 per
691 1545 777 1605 litora
791 1548 893 1605 forma

236 1641 301 1711 Ille,
317 1657 399 1697 mero
414 1656 578 1713 somnoque
593 1637 696 1714 gravis,
713 1639 839 1699 titubare
853 1639 977 1713 videtur,

235 1731 353 1807 Vixque
368 1729 459 1806 sequi.
503 1732 612 1807 Specto
627 1733 739 1791 cultum
754 1732 920 1809 faciemque
934 1733 1138 1811 gradumque:
1175 1782 1184 1800 .

236 1824 287 1884 Nil
303 1823 352 1896 ibi,
368 1823 449 1899 quod
464 1823 544 1882 credi
561 1836 661 1900 posset
676 1826 809 1900 mortale,
824 1825 963 1886 videbam
976 1847 985 1900 ;

237 1920 275 1984 Et
289 1916 376 1990 sensi,
393 1927 423 1976 et
437 1915 497 1975 dixi
513 1917 620 1977 sociis:
643 1920 732 1995 Quod
748 1938 859 1979 numen
873 1919 903 1978 in
919 1919 977 1979 isto
1082 1947 1088 1960 ·

236 2013 369 2088 Corpore
384 2009 429 2083 sit,
445 2009 570 2086 dubito;
591 2013 643 2072 sed
659 2032 782 2090 corpore
796 2032 906 2072 numen
921 2012 952 2071 in
967 2011 1025 2072 isto
1039 2021 1093 2071 est

236 2103 380 2180 Quisquis
395 2123 435 2177 es,
451 2123 470 2162 ο
485 2105 584 2164 faveas
598 2105 765 2182 nostrisque
780 2106 931 2165 laboribus
946 2104 1045 2179 adsis3

237 2197 295 2256 His
311 2217 430 2274 quoque
446 2199 499 2256 des
514 2199 630 2258 veniam
643 2200 766 2257 l—Pro
781 2198 868 2257 nobis
883 2197 967 2258 mitte
981 2197 1113 2275 precarii

237 2291 342 2368 Dictys
357 2290 406 2363 ait,
423 2310 484 2367 quo
499 2310 560 2350 non
575 2292 650 2350 alius
666 2291 867 2351 conscendere
883 2309 1013 2350 summas

236 2384 328 2445 Ocior
342 2397 496 2456 antennas,
513 2402 681 2460 prensoque
695 2385 819 2443 rudente
834 2383 933 2444 relabi.

237 2480 308 2537 Hoc
324 2477 423 2554 Libys,
440 2478 497 2536 hoc
512 2477 614 2549 flavuS,
631 2496 734 2553 prorae
753 2478 852 2550 tutela,
870 2477 1051 2550 Melanthus,

237 2573 308 2630 Hoc
322 2573 429 2647 probat
442 2564 622 2629 Alcimedon
637 2581 675 2643 et,
692 2569 742 2646 qui
757 2570 947 2646 requiemque
962 2570 1145 2646 modumque

235 2666 320 2723 Voce
335 2664 426 2723 dabat
440 2663 536 2737 remis,
552 2663 716 2721 animorum
732 2663 864 2722 hortator
879 2665 1027 2739 Epopeus,
1128 2670 1131 2676 '

237 2759 308 2815 Hoc
323 2775 428 2815 omnes
444 2756 500 2815 alii.
545 2757 677 2815 Praedae
692 2767 753 2816 tam
768 2775 858 2816 caeca
874 2755 985 2833 cupido
1000 2766 1052 2816 est.
1174 2773 1215 2813 σω

236 2852 307 2909 Non
323 2862 422 2909 tamen
438 2850 515 2908 hanc
531 2868 614 2908 sacro
628 2848 731 2909 violari
746 2851 878 2925 pondere
894 2849 997 2925 pinum

236 2941 395 3019 Perpetiar,
412 2942 491 3002 dixi:
512 2961 580 3018 pars
594 2942 643 3001 hic
657 2942 729 3000 mihi
745 2942 873 3001 maxima
884 2941 964 3018 juris.

238 3038 334 3111 Inque
349 3034 430 3093 aditu
447 3034 567 3094 obsisto.
613 3034 694 3094 Furit
708 3034 921 3094 audacissimus
936 3033 1018 3094 omni

237 3129 284 3187 De
299 3147 423 3187 numero
439 3128 582 3204 Lycabas,
599 3128 649 3204 qui
665 3130 764 3187 Tusca
778 3129 879 3204 pulsus
894 3130 932 3188 ab
947 3130 1019 3188 urbe

237 3221 379 3280 Exsilium
395 3220 458 3280 dira
472 3239 600 3297 poenam
616 3240 669 3297 pro
684 3222 776 3281 caede
791 3223 899 3281 luebat

238 3316 268 3372 Is
284 3313 364 3385 mihi,
381 3314 452 3372 dum
468 3324 555 3386 resto,
569 3313 692 3389 juvenili
708 3326 825 3391 guttura
839 3333 940 3391 pugno

237 3404 351 3482 Rupi't3
371 3417 400 3465 et
415 3425 570 3465 excussum
586 3407 713 3466 misisset
727 3407 756 3465 in
773 3426 910 3483 aequora,
927 3407 950 3466 si
965 3425 1027 3466 non

237 3499 420 3572 Haesissem,
437 3499 571 3575 quamvis
586 3519 698 3573 amens,
714 3499 744 3558 in
760 3502 829 3559 fune
844 3510 984 3558 retentus.

237 3591 336 3668 Impia
350 3593 436 3652 turba
450 3594 557 3668 probat
571 3594 689 3652 sactum.
734 3594 810 3650 Tum
827 3591 956 3666 denique
972 3591 1155 3651 Bacchus—

236 3685 371 3743 Bacchus
386 3684 466 3744 enim
481 3685 722 3745 suerat—veluti
737 3686 866 3743 clamore
881 3685 994 3743 solutus
1177 3703 1215 3753 σῃ

235 3778 279 3837 Sit
294 3773 474 3854 sopor‘aque
489 3797 571 3837 mero
586 3779 709 3838 redeant
723 3776 753 3835 in
770 3787 891 3852 pectora
905 3795 1018 3849 sensus,

237 3870 317 3946 Quid
332 3870 449 3931 facitis?
490 3871 565 3945 Quis
580 3872 711 3930 clamor?
732 3868 782 3939 ait,
798 3871 874 3943 Qua,
891 3869 989 3942 dicite,
1004 3880 1122 3944 nautae,

237 3965 308 4023 Huc
323 3984 380 4041 ope
395 3963 537 4040 perveni?
578 3964 648 4038 Quo
662 3982 710 4021 me
725 3962 838 4021 deferre
853 3962 1031 4038 paratis?—

238 4059 320 4116 Pone
335 4069 456 4129 metum,
474 4059 607 4129 Proreus,
623 4067 653 4115 et
666 4074 741 4131 quos
755 4054 927 4132 contingere
943 4066 1044 4133 portus

238 4151 302 4211 Ede
317 4151 398 4224 velis,
415 4149 508 4209 dixit:
529 4160 605 4208 terra
619 4149 721 4208 sistere
736 4147 836 4226 petita
1176 4164 1214 4214 ⁶³⁵
