2610 4926
490 634 674 712 dnonornou
696 668 754 712 ua
777 668 797 711 1.

194 809 398 889 Eumenidesque
411 821 515 886 satae3
535 822 598 872 turn
611 824 697 890 partu
710 815 802 874 Terra
816 812 948 875 nefando

192 905 335 982 Coeumque
348 907 547 983 Iapetumque
561 918 650 979 creat,
665 926 845 984 saevumque
859 908 1014 986 Typhoea,

193 996 515 1075 &conjuratoscoelum
528 999 696 1060 rescindere
710 1001 820 1061 fratres
1098 1017 1138 1058 »a

190 1088 234 1149 'ser
244 1091 413 1151 suntconati
426 1091 582 1168 imponere
598 1092 681 1152 Pelio
696 1094 807 1155 Ossam
1228 1097 1233 1106 '

189 1182 287 1257 Scilicet,
301 1198 388 1261 atque
402 1185 502 1244 Ossae
515 1185 689 1265 frondqsum
703 1185 854 1246 involvere
868 1185 1053 1264 Olympum

188 1274 232 1334 Ter
242 1278 319 1336 Pater
331 1288 499 1336 exstructos
513 1276 630 1353 disjecit
644 1277 767 1338 fulmine
781 1289 906 1339 montes

187 1367 292 1445 Septima
303 1380 370 1446 post
384 1368 534 1429 decimam
547 1369 618 1429 felix
632 1380 662 1430 et
676 1390 787 1447 ponere
801 1371 902 1446 uitem,

188 1460 336 1538 Etprensos
349 1462 497 1522 domitare
510 1464 612 1535 boves,
628 1473 658 1522 et
672 1463 740 1522 licia
754 1465 831 1523 telae

184 1554 298 1630 Addere3
316 1574 398 1615 nona
410 1556 498 1632 fugae
511 1555 624 1628 melior,
639 1556 786 1617 contraria
799 1556 891 1617 furtis
1017 1628 1023 1638 .

214 1647 299 1706 Multa
312 1648 389 1708 adeo
402 1648 504 1724 gelida
517 1647 622 1707 melius
636 1668 668 1709 se
682 1660 771 1709 nocte
786 1650 904 1723 dedere,

181 1741 228 1798 Aut
239 1759 324 1816 quum
339 1741 402 1800 sole
417 1759 497 1800 novo
512 1751 602 1800 terras
616 1741 719 1801 imorat
733 1744 822 1802 Eous

180 1832 260 1892 Nocte
272 1834 351 1893 leves
365 1833 471 1892 melius
485 1833 619 1911 stipulae,
635 1846 724 1896 nocte
738 1835 821 1895 arida
834 1846 920 1912 prata

178 1925 353 2001 ‘londemnr13
371 1938 477 1987 noctes
491 1929 588 1987 lentus
601 1947 662 1988 non
678 1928 778 1989 deficit
791 1929 905 1988 humor.
1099 1955 1138 1997 ⁸⁹0

178 2017 209 2078 Et
219 2019 333 2096 quidam
347 2039 429 2080 seros
443 2020 558 2080 hiberni
572 2021 610 2080 ad
624 2021 745 2081 luminis
759 2020 843 2098 ignes

177 2111 324 2190 Pervigilat,
340 2114 476 2189 ferroque
490 2113 569 2174 iaces
584 2114 710 2191 inspicat
724 2127 833 2189 acut03

175 2205 280 2265 Interea
292 2207 414 2284 longum
428 2217 518 2267 cantu
532 2208 628 2266 solata
643 2208 775 2268 laborem

175 2301 276 2376 Auguto
288 2302 399 2375 conjux
413 2300 554 2377 percurrit
567 2300 686 2377 pectine
701 2302 783 2374 telas,

173 2395 225 2452 Aut
239 2393 329 2452 dulcis
343 2392 432 2473 musq'
447 2394 582 2453 Vulcano
597 2395 739 2470 decoquit
753 2396 909 2455 humorem
1099 2421 1137 2462 aas

174 2485 207 2544 n
219 2485 291 2545 soliis
305 2487 416 2546 undam
431 2486 536 2563 trepidi
551 2488 708 2563 despumat
723 2488 796 2548 a'e'ni.

171 2580 208 2637 At
220 2579 378 2639 rubicunda
392 2582 483 2641 Ceres
499 2579 598 2639 medio
613 2580 772 2640 succiditur
786 2592 878 2655 aestu,

173 2671 206 2729 Et
219 2673 313 2731 medio
328 2683 421 2732 tostas
434 2685 518 2731 aestu
533 2671 599 2731 terit
613 2692 681 2733 area
694 2674 798 2751 fruges

171 2765 269 2823 Nudus
283 2784 339 2838 ara,
356 2783 420 2824 sere
434 2766 551 2839 nudus;
571 2765 666 2824 hiems
680 2766 787 2843 ignava
801 2768 919 2827 colono,

172 2856 330 2933 Frigoribus
344 2871 429 2935 parto
445 2858 589 2934 agricdae
604 2859 777 2936 plerumque
795 2862 936 2933 fruuntur,
1101 2889 1139 2927 κω

171 2949 327 3028 Mutuaque
342 2951 418 3011 inter
432 2971 465 3010 se
479 2951 548 3010 laeti
563 2952 699 3011 convivia
713 2964 836 3026 curant;

170 3043 272 3103 Invitat
285 3044 409 3120 genialis
422 3044 517 3103 hiems
531 3064 674 3122 curasque
688 3047 826 3106 resolvit:

169 3136 228 3195 Ceu
243 3155 359 3213 pressae
375 3155 468 3212 quum
478 3139 541 3213 jam
556 3151 673 3215 portum
689 3139 810 3216 tetigere
824 3137 950 3210 carinae,

168 3229 315 3306 Puppibus
330 3241 360 3289 et
375 3229 443 3288 laeti
459 3242 564 3290 nautae
580 3231 747 3308 imposuere
762 3250 895 3291 coronas

165 3323 221 3382 Sed
236 3337 334 3381 tamen
349 3335 379 3382 et
394 3343 521 3399 quernas
535 3325 658 3401 glandes
674 3335 736 3383 tum
752 3324 893 3401 stringere
908 3334 1026 3402 tempus
1101 3348 1138 3388 ³05

167 3416 203 3475 Et
216 3415 287 3475 lauri
301 3416 410 3475 baccas
425 3417 583 3493 oleamque
598 3429 779 3493 cruentaque
795 3430 910 3494 myrta;

165 3509 240 3566 Tum
253 3509 373 3585 gruibus
388 3509 510 3586 pedicas
524 3521 555 3569 et
568 3510 642 3569 retia
656 3529 767 3586 ponere
783 3510 884 3583 cervis,

167 3600 341 3678 Auritosqne
356 3603 441 3678 sequi
457 3603 592 3679 lepores,
613 3613 675 3662 tum
690 3604 778 3679 figere
794 3603 906 3675 damas,

166 3696 295 3772 Stuppea
309 3707 499 3773 torquentem
516 3695 644 3754 Balearis
657 3698 780 3756 verbera
793 3696 911 3768 fundae,

165 3788 261 3863 Quum
277 3789 326 3849 nix
341 3791 402 3848 alta
414 3790 503 3863 jacet,
518 3789 643 3863 glaciem
658 3808 749 3864 quum
764 3788 887 3847 flumina
901 3788 1030 3849 trudunt.
1102 3817 1140 3857 ,ιο

200 3883 281 3958 Quid
297 3891 492 3958 tempestates
507 3880 640 3939 autumni
655 3893 685 3940 et
699 3881 794 3941 sidera
809 3881 915 3954 dicam,

162 3978 269 4053 Atque,
286 3976 336 4035 ubi
350 3977 415 4051 jam
429 3974 606 4049 breviorque
621 3973 685 4033 dies
699 3986 729 4033 et
744 3974 860 4034 mollior
875 3986 979 4047 aestas,

161 4072 246 4147 Quae
260 4067 415 4147 vigilanda
428 4065 516 4125 viris?
537 4068 584 4126 vel
599 4085 690 4143 quum
705 4067 762 4128 ruit
776 4068 957 4128 imbriferum
971 4086 1030 4139 ver,
