2610 4926
402 663 612 708 remmom.
635 663 694 708 LlB.
718 664 756 708 IV.

105 810 182 885 Quod
195 807 295 870 fremit
308 807 417 887 exigua
430 827 522 884 quum
537 827 685 868 summurn
702 809 855 888 stringitur
867 829 947 871 aura

103 905 155 964 Sed
167 915 328 982 postquam
342 912 491 960 remorata
504 920 576 961 suos
591 903 730 980 cognovit
743 923 869 979 amores,

101 996 221 1057 Percutit
234 995 378 1074 indignos
392 995 473 1054 claro
488 995 631 1072 plangore
646 996 782 1069 lacertos,

99 1092 140 1162 Et,
155 1091 264 1149 laniata
277 1107 381 1148 comas
395 1088 592 1164 amplexaque
606 1107 713 1165 corpus
727 1099 868 1164 amatum,

97 1185 223 1242 Vulnera
236 1181 389 1259 supplevit
403 1180 531 1240 lacrimis
545 1181 706 1258 fletumque
721 1181 818 1241 cruori

97 1277 222 1348 Miscuit,
238 1288 270 1335 et
283 1274 390 1352 gelidis
404 1275 435 1332 ln
449 1274 579 1333 vultibus
593 1276 695 1334 oscula
713 1275 817 1352 figens,

96 1371 225 1447 Pyrame,
240 1367 388 1439 clamavit,
405 1367 473 1443 quis
487 1377 517 1425 te
532 1366 604 1425 mihi
619 1386 705 1426 casus
719 1368 850 1427 ademit?

96 1464 225 1540 Pyrame,
241 1460 392 1537 responde
404 1482 410 1539 ς
430 1470 525 1519 tuate
539 1459 693 1519 carissima
706 1461 821 1520 Thisbe

95 1555 253 1614 Nominat!
277 1552 400 1624 Exaudi,
416 1553 574 1628 multusque
588 1554 691 1612 attolle
710 1555 862 1629 Jacentesl

95 1649 141 1707 Ad
156 1666 268 1707 nomen
282 1645 413 1705 Thisbes
426 1647 531 1705 oculos
548 1646 608 1724 jam
625 1656 720 1704 morte
733 1657 871 1724 gravatos

93 1742 236 1818 Pyramus
251 1738 353 1810 erexit,
370 1733 491 1814 visaque
506 1738 673 1797 recondidit
688 1738 747 1797 illa

93 1834 178 1908 Quae
191 1844 354 1910 postquam
367 1843 540 1907 vestemque
555 1850 638 1890 suam
653 1831 803 1909 cognovit,
819 1842 850 1890 et
864 1849 936 1891 ense

94 1927 175 1985 Vidit
189 1925 265 1984 ebur
278 1942 413 1997 vacuum,
428 1925 495 1982 Tua
509 1935 538 1983 te
553 1942 665 1995 manus,
682 1924 786 2000 inquit,
801 1941 944 2000 amorque

94 2019 237 2090 Perdidit,
254 2017 364 2077 infelix.
409 2018 462 2076 Est
475 2027 505 2076 et
520 2016 591 2075 mihi
606 2016 690 2075 sortis
706 2017 735 2074 in
751 2035 844 2076 unum

95 2112 164 2170 Hoc
178 2129 296 2183 manus,
312 2120 359 2169 est
372 2120 402 2168 et
415 2128 518 2183 amor;
539 2108 622 2169 dabit
636 2108 684 2167 hic
700 2108 730 2166 in
745 2110 869 2168 vulnera
881 2109 968 2168 vires

95 2206 260 2281 Persequar
275 2203 461 2274 exstinctum,
477 2203 586 2278 letique
602 2201 767 2261 miserrima
779 2203 862 2262 dicar

95 2299 193 2357 Causa
206 2314 369 2371 comesque
384 2295 446 2368 tui;
467 2296 577 2371 quique
593 2315 610 2353 a
624 2314 672 2353 me
688 2307 783 2355 morte
798 2294 899 2354 revelli

96 2391 165 2448 Heu
180 2390 244 2448 sola
259 2400 386 2465 poteras,
401 2388 512 2464 poteris
527 2407 583 2447 nec
595 2380 693 2446 'morte
709 2389 818 2447 revelli.
888 2411 890 2415 ¹
967 2412 971 2430 2

97 2484 165 2542 Hoc
180 2494 280 2541 tamen
294 2482 449 2540 amborum
462 2481 561 2540 verbis
575 2493 672 2540 estote
687 2482 789 2559 rogati,

97 2577 123 2635 O
139 2576 262 2633 multum
278 2573 385 2645 miseri,
400 2593 485 2633 meus
500 2574 647 2650 illiusque,
664 2585 810 2651 parentes,

99 2669 147 2739 Ut,
163 2687 238 2744 quos
252 2679 353 2727 certus
367 2686 457 2739 amor,
474 2687 549 2743 quos
564 2669 637 2726 hora
652 2668 815 2726 novissima
833 2665 939 2742 junxit,

99 2761 245 2838 Componi
261 2761 376 2819 tumulo
391 2779 451 2819 non
468 2760 624 2819 invideatis
639 2760 755 2819 eodem.

99 2856 136 2912 At
150 2865 190 2927 tu,
207 2873 284 2929 quae
299 2853 389 2911 ramis
403 2853 489 2911 arbor
504 2853 672 2912 miserabile
687 2872 795 2928 corpus

102 2948 185 3005 Nunc
199 2947 276 3024 tegis
290 2945 387 3017 unius,
403 2964 472 3004 mox
487 2965 520 3004 es
536 2956 648 3005 tectura
662 2946 797 3015 duorum,

101 3038 185 3116 Signa
198 3050 267 3098 tene
282 3039 393 3108 caedis,
409 3040 566 3115 pullosque
581 3050 611 3097 et
625 3039 754 3097 luctibus
768 3048 855 3113 aptos

101 3133 218 3208 Semper
232 3131 310 3189 habe
325 3132 410 3202 setus,
426 3132 536 3208 gemini
551 3142 745 3189 monumenta
759 3129 880 3189 cruoris.

103 3224 187 3295 Dixit,
203 3235 233 3283 et
247 3234 349 3300 aptato
364 3236 469 3300 pectus
483 3243 625 3283 mucrone
640 3224 696 3282 sub
712 3222 804 3280 imum

103 3317 236 3375 Incubuit
253 3317 338 3389 lerro,
355 3317 435 3392 quod
450 3317 548 3375 adhuc
562 3336 580 3374 a
594 3316 687 3375 caede
702 3316 832 3391 tepebat.

102 3411 177 3468 Vota
190 3424 289 3468 tamen
306 3410 430 3487 tetigere
446 3410 528 3480 deos,
545 3409 666 3486 tetigere
681 3419 839 3484 parentes:

104 3503 177 3560 Nam
191 3504 273 3561 color
288 3502 318 3561 in
333 3521 424 3579 pomo
439 3512 493 3573 est,
509 3503 559 3560 ubi
574 3502 776 3578 permaturuit,
793 3512 875 3575 ater;

104 3595 247 3671 Quodque
262 3595 341 3673 rogis
356 3605 500 3670 superest,
516 3614 576 3653 una
590 3593 747 3669 requiescit
759 3594 789 3651 in
804 3612 886 3652 urna.

217 3700 235 3736 ι
396 3699 415 3735 s
576 3699 594 3735 ι
755 3699 774 3735 ο
935 3696 954 3736 a

139 3781 196 3839 Sed
210 3792 311 3840 tamen
325 3780 475 3839 ambobus
488 3798 593 3839 versae
609 3778 715 3838 solatia
729 3778 841 3838 formae

104 3873 212 3951 Magna
226 3892 320 3951 nepos
336 3872 467 3944 dederat,
483 3873 572 3948 quem
588 3872 739 3931 debellata
753 3872 873 3930 colebat

104 3965 196 4038 India,
211 3985 301 4042 quem
316 3965 423 4042 positis
436 3965 608 4023 celebrabat
623 3964 737 4023 Achaia
751 3964 878 4040 templis
892 4027 896 4033 ,

101 4059 185 4119 Solus
199 4057 387 4119 Abantiades
401 4057 439 4116 ab
454 4056 566 4136 origine
581 4068 679 4116 cretus
694 4056 801 4116 eadem
