2610 4926
165 769 221 828 118
480 783 506 826 Ρ.
528 782 660 825 vrncrnn
681 780 823 827 unnours

162 929 235 989 Ulla
249 938 360 1001 tenent,
375 947 454 987 unco
468 947 529 987 non
543 928 643 1006 alligat
656 946 765 988 ancora
778 944 886 987 morsu.

163 1022 235 1080 Huc
249 1030 364 1097 septem
379 1022 497 1079 Aeneas
511 1021 644 1081 collectis
660 1021 784 1080 navibus
798 1018 881 1079 omni

163 1115 209 1172 Ex
223 1132 346 1172 numero
361 1114 440 1172 subit
453 1136 462 1188 ;
482 1133 517 1173 ac
531 1133 640 1192 magno
654 1113 766 1173 telluris
780 1132 882 1174 amore

164 1207 284 1284 Egressi
298 1216 400 1282 optata
414 1207 567 1282 potiuntur
581 1209 678 1266 Troes
692 1226 782 1267 arena

164 1300 203 1357 Et
217 1299 278 1358 sale
294 1299 431 1357 tabentes
445 1308 526 1357 artus
541 1299 570 1357 in
587 1299 671 1359 litore
687 1304 811 1375 ponu'ut

164 1394 210 1449 Ac
225 1390 351 1466 primum
366 1391 440 1449 silici
455 1392 614 1450 scintillam
630 1392 749 1451 excudit
763 1393 895 1452 Achates

163 1483 361 1559 Succepitque
376 1483 475 1560 ignem
489 1483 567 1542 foliis
581 1494 670 1560 atque
685 1483 767 1544 arida
781 1485 892 1544 circum

165 1576 354 1634 Nutrimenta
368 1575 452 1634 dedit
465 1577 621 1652 repuitque
636 1576 784 1635 infomite
798 1577 957 1635 flammam.

164 1669 242 1726 Tum
258 1670 396 1728 Cererem
412 1679 579 1745 corruptam
594 1668 682 1728 undis
697 1668 892 1744 Cerealiaque
905 1686 988 1729 anna

165 1760 335 1836 Expediunt
350 1759 419 1819 fessi
433 1779 539 1834 rerum,
555 1761 712 1839 frugesque
727 1773 861 1838 receptas

165 1852 204 1910 Et
219 1861 328 1910 torrere
344 1860 451 1927 parant
464 1850 590 1910 flammis
605 1861 635 1910 et
649 1852 783 1930 frangere
799 1870 878 1910 saxo.

206 1945 327 2002 Aeneas
341 1944 497 2020 scopulum
513 1944 627 2003 interea
640 1944 818 2003 conscendit
831 1953 862 2003 et
875 1962 997 2005 ornnem

166 2038 358 2112 Prospectum
373 2037 432 2096 late
446 2036 554 2114 pelago
567 2037 650 2112 petit,
666 2037 786 2096 Anthea
800 2037 826 2095 si
840 2054 930 2113 quem

164 2130 312 2206 Jactatum
328 2140 418 2188 vento
432 2128 532 2188 videat
548 2130 748 2208 Phrygiasque
762 2130 901 2201 biremes,

165 2224 228 2280 Aut
243 2224 357 2300 Capyn,
373 2231 424 2281 aut
438 2221 527 2281 celsis
542 2222 570 2280 in
587 2222 737 2298 puppibus
752 2240 834 2281 arma
848 2221 939 2281 Caici

166 2317 282 2373 Navem
297 2315 326 2371 in
342 2325 505 2390 conspectu
521 2316 641 2387 nullam,
657 2325 717 2373 tres
733 2315 817 2373 litore
833 2333 936 2373 cervos

167 2407 313 2483 Prospieit
328 2421 457 2465 errantes
470 2429 478 2480 ;
499 2408 554 2466 hos
569 2418 632 2466 tota
646 2418 779 2465 armenta
793 2418 957 2482 sequuntur

166 2501 194 2557 A
210 2510 303 2577 tergo,
319 2510 349 2557 et
364 2500 483 2575 longum
500 2520 553 2576 per
567 2501 658 2559 valles
674 2501 804 2576 pascitur
819 2519 933 2578 agmen.

167 2592 309 2652 Constitit
323 2592 380 2665 hic,
397 2612 555 2668 arcumque
571 2612 659 2651 manu
675 2594 846 2668 celeresque
861 2592 983 2671 sagittas

167 2685 325 2761 Corripuit,
344 2686 421 2744 lidus
436 2705 512 2760 quae
527 2686 586 2744 tela
600 2686 721 2762 gerebat
736 2678 876 2756 Achates,

168 2779 374 2854 Ductoresque
390 2778 471 2854 ipsos
485 2778 621 2855 primum,
638 2779 736 2854 capita
750 2779 809 2836 alta
823 2778 952 2838 ferentes

167 2871 317 2930 Cornibus
332 2871 472 2943 arboreis,
489 2871 602 2942 sternit,
619 2881 681 2929 turn
696 2871 808 2946 vulgus,
825 2883 854 2928 et
868 2890 988 2931 ornnem

160 2964 278 3023 Miscet
293 2983 384 3040 agens
399 2965 466 3023 telis
481 2983 602 3022 nemora
617 2963 694 3021 inter
709 2963 833 3021 frondea
847 2965 964 3022 turbam
977 2987 986 3040 ;

168 3059 233 3116 Nec
248 3056 328 3133 prius
343 3057 468 3129 absistit,
484 3076 573 3132 quam
589 3067 703 3132 septem
719 3056 850 3132 ingentia
864 3057 959 3115 victor

168 3152 302 3226 Corpora
316 3150 420 3208 fundat
436 3149 516 3206 humi
532 3160 562 3207 et
576 3167 730 3206 numerum
746 3168 813 3207 cum
829 3148 953 3209 navibus
969 3163 1086 3227 aequet

168 3244 251 3301 Hinc
266 3254 383 3320 portum
398 3243 480 3318 petit,
497 3252 526 3300 et
541 3240 638 3299 socios
653 3241 777 3316 partitur
792 3242 821 3297 in
837 3260 950 3300 omnes.

167 3337 246 3394 Vina
261 3337 358 3393 bonus
373 3354 449 3410 quae
464 3335 574 3393 deinde
589 3334 671 3393 cadis
686 3345 823 3392 onerarat
838 3336 965 3394 Acestes
1114 3366 1151 3407 ις,

168 3429 268 3487 Litore
283 3428 436 3486 Trinacrio
452 3428 634 3503 dederatque
650 3427 828 3485 abeuntibus
843 3429 940 3500 her05,

169 3522 292 3592 Dividit,
308 3530 338 3578 et
352 3521 440 3578 dictis·
454 3521 616 3579 maerentia
629 3530 750 3597 pectora
765 3521 874 3578 mulcet
889 3542 895 3578 :

208 3616 235 3674 Ο
251 3614 333 3685 socii,
345 3647 386 3654 -
396 3632 494 3688 neque
509 3614 588 3671 enirn
604 3612 696 3690 ignari
711 3632 811 3670 sumus
826 3624 894 3670 ante
910 3615 1058 3674 malorum
1070 3651 1111 3660 —

168 3707 197 3766 Ο
212 3705 290 3783 passi
305 3706 447 3782 graviora,
464 3704 547 3763 dabit
561 3706 634 3764 deus
650 3704 696 3762 his
711 3723 828 3780 quoque
844 3707 940 3764 finem.

168 3800 233 3857 Vos
247 3809 278 3856 et
292 3798 456 3875 Scyllaeam
472 3798 583 3856 rabiem
599 3799 777 3873 penitusque
792 3809 934 3856 sonantes
1115 3827 1153 3855 ιω

169 3890 306 3949 Accestis
321 3891 470 3965 scopulos,
486 3909 540 3948 vos
555 3900 585 3948 et
600 3890 743 3966 Cyclopia
758 3909 829 3948 saxa

170 3984 310 4060 Experti:
332 3993 467 4041 revocate
482 3981 606 4054 animos,
622 3993 826 4056 maestumque
841 3984 977 4041 timorem

169 4077 299 4135 Mittite:
320 4076 419 4134 forsan
435 4087 464 4133 et
479 4075 552 4132 haec
567 4074 637 4133 olim
652 4074 822 4133 meminisse
841 4075 964 4150 juvabit.

170 4169 228 4228 Per
241 4166 338 4228 varios
352 4186 448 4240 casus,
464 4185 518 4243 per
533 4176 577 4227 tot
591 4165 763 4226 discrimina
777 4186 873 4226 rerum
