2610 4926
128 687 168 758 84
443 699 470 741 r.
488 698 622 741 umorem
644 699 787 744 uanours

127 846 343 920 Terrarumque
357 840 431 903 velis
444 861 553 917 curam,
569 854 600 905 et
613 854 643 904 te
657 844 803 905 maximus
816 843 897 907 orbis

127 941 289 998 Auctorem
304 937 418 1013 frugum
432 948 703 1015 tempestatumque
718 949 873 1015 potentem

126 1028 272 1108 Accipiat,
286 1028 409 1107 cingens
423 1040 555 1089 materna
570 1041 704 1105 tempora
717 1041 823 1109 myrto,

127 1125 177 1183 An
191 1122 265 1183 deus
279 1121 415 1183 immensi
428 1123 531 1183 venias
545 1124 643 1197 maris,
660 1142 696 1183 ac
709 1135 762 1185 tua
774 1135 886 1185 nautae

127 1214 260 1275 Numina
273 1216 337 1275 sola
350 1215 459 1288 colant,
475 1213 529 1275 tibi
544 1215 651 1276 serviat
664 1215 768 1276 ultima
781 1216 888 1290 Thule,

126 1311 231 1386 Teque
245 1307 301 1368 sibi
315 1327 456 1386 generum
470 1308 584 1387 Tethys
598 1320 678 1369 emat
692 1302 832 1369 omn'ibus
845 1307 944 1383 undIs,

125 1403 214 1462 Anne
228 1418 339 1461 novum
354 1401 444 1460 tardis
458 1399 539 1460 sidus
553 1412 583 1462 te
597 1401 749 1462 mensibus
762 1402 867 1476 addas,

126 1495 194 1569 Qua
207 1494 291 1553 locus
302 1493 456 1572 Erigonen
472 1493 547 1554 inter
561 1495 731 1571 Chelasque
747 1505 909 1571 sequentes

127 1585 289 1660 Panditur,
309 1585 374 1663 ipse
388 1586 443 1647 tibi
454 1588 516 1666 jam
531 1586 653 1647 brachia
666 1586 815 1647 contrahit
828 1586 937 1647 ardens

7 1681 15 1697 '
124 1678 272 1756 Scorpios,
288 1690 318 1739 et
331 1680 408 1739 coeli
419 1681 499 1759 justa
513 1681 580 1758 plus
594 1691 677 1757 parte
692 1679 829 1757 reliquit;

128 1770 284 1848 Quidquid
298 1772 362 1847 eris,
372 1792 491 1832 -nam
506 1784 535 1834 te
549 1792 606 1833 nec
618 1783 740 1850 sperant
753 1775 878 1834 Tartara
890 1790 1000 1852 regem,

128 1865 159 1923 N
160 1883 194 1924 ec
209 1864 262 1924 tibi
276 1865 419 1944 regnandi
432 1865 531 1926 veniat
545 1877 607 1926 tam
620 1866 685 1926 dIra
698 1864 828 1943 cupid03

127 1956 272 2032 Quamvis
287 1958 403 2036 Elysios
416 1959 537 2020 miretur
546 1957 674 2020 Graecia
686 1976 819 2036 campos,

124 2049 192 2110 Nec
205 2050 329 2129 repetita
343 2051 427 2129 sequi
440 2062 523 2113 curet
537 2050 714 2129 Proserpina
727 2061 853 2111 matrem
862 2082 903 2092 —

126 2143 174 2204 Da
188 2143 305 2204 facilem
319 2164 445 2220 cursum,
459 2157 551 2223 atque
565 2143 729 2206 audacibus
742 2145 841 2206 adnue
858 2140 986 2221 coeptis,
1010 2156 1014 2164 '

126 2238 309 2316 Ignarosque
323 2237 390 2298 viae
403 2257 521 2298 meeum
535 2236 689 2298 miseratus
703 2247 833 2314 agrestes

125 2331 293 2407 Ingredere,
310 2341 339 2390 et
354 2330 431 2390 votis
443 2332 506 2409 jam
520 2349 600 2390 nunc
615 2330 758 2390 adsuesce
773 2327 881 2390 vocari

163 2424 241 2482 Vere
256 2442 344 2496 novo,
359 2423 475 2500 gelidus
490 2423 573 2482 canis
588 2441 679 2499 quum
695 2422 845 2482 montibus
859 2421 967 2481 humor

125 2514 261 2591 Liquitur
274 2526 304 2575 et
317 2516 452 2593 Zephyro
466 2515 559 2593 putris
573 2535 606 2575 se
620 2516 726 2592 glaeba
739 2515 868 2589 resolvit,

124 2607 276 2684 Depresso
291 2608 412 2685 incipiat
424 2610 486 2688 jam
501 2620 564 2668 tum
578 2607 651 2666 mihi
666 2619 765 2668 taurus
780 2618 877 2667 aratro

124 2701 288 2778 Ingemere,
304 2712 334 2760 et
349 2702 432 2761 sulco
446 2701 561 2762 attritus
576 2702 784 2778 splendescere
798 2718 908 2759 vomer.

124 2794 181 2852 Illa
195 2812 279 2871 seges
293 2795 413 2855 demum
427 2794 504 2855 votis
519 2794 680 2872 respondet
694 2792 773 2853 avari

121 2886 287 2963 Agricolae,
303 2888 350 2947 bis
365 2907 440 2964 quae
455 2889 558 2961 solem,
573 2886 620 2946 bis
634 2887 741 2964 srigora
755 2883 868 2960 sensit3

122 2979 206 3039 Illius
221 2979 382 3042 immensae
397 2992 538 3059 ruperunt
552 2981 657 3040 horrea
671 2998 789 3039 messes

121 3075 163 3132 At
176 3072 256 3150 prius
271 3073 403 3151 ignotum
418 3076 495 3135 ferro
510 3093 599 3151 quam
615 3072 777 3133 scindimus
792 3089 912 3148 aequor,

120 3166 238 3226 Ventos
253 3179 282 3227 et
296 3168 410 3227 varium
423 3167 500 3228 coeli
514 3166 700 3244 praediscere
714 3183 828 3225 morem

122 3259 202 3320 Cura
215 3259 253 3320 sit
267 3280 302 3319 ac
316 3261 427 3338 patrios
441 3262 596 3337 cultusque
612 3259 790 3335 habitusque
805 3259 948 3328 locorum,

123 3354 161 3411 Et
176 3353 247 3429 quid
263 3373 398 3430 quaeque
413 3355 486 3414 serat
500 3353 580 3430 regio
603 3352 718 3430 etquid
734 3369 870 3429 quaeque
884 3356 1009 3409 recuset

122 3445 184 3504 Hic
200 3457 321 3522 segetes,
338 3446 398 3506 illic
412 3445 535 3506 veniunt
549 3445 663 3506 selicius
677 3465 771 3517 uvae;

120 3539 246 3597 Arborei
260 3539 336 3598 setus
351 3537 430 3612 alibi,
446 3548 536 3615 atque
551 3539 662 3617 injussa
676 3537 825 3597 virescunt

121 3631 270 3692 Gramina
314 3632 425 3690 Nonne
439 3631 531 3704 vides,
547 3650 668 3691 croceos
683 3642 716 3690 ut
730 3630 857 3689 Tmolus
872 3627 988 3702 odores

122 3723 210 3783 India
224 3722 314 3783 mittit
328 3725 409 3795 ebur,
424 3725 529 3784 molles
544 3743 598 3782 sua
611 3735 675 3782 tura
690 3723 805 3795 Sabaei,

121 3818 163 3875 At
177 3816 327 3893 Chalybes
340 3815 413 3875 nudi
428 3817 543 3890 sermm,
558 3815 713 3891 virosaque
730 3817 843 3874 Pontus

121 3910 272 3981 Castorea,
289 3908 426 3967 Eliadum
440 3909 554 3985 palmas
570 3909 676 3986 Epiros
690 3911 852 3985 equarum?

121 4000 274 4063 Continuo
288 4001 342 4060 has
356 4002 435 4078 leges
450 4012 629 4078 aeternaque
644 4002 764 4062 foedera
777 4001 865 4061 certis

120 4094 268 4172 Imposuit
282 4105 387 4154 natura
400 4093 482 4169 locis,
498 4114 559 4172 quo
573 4107 705 4173 tempore
720 4094 845 4173 primum
